1846 3146
159 203 257 252 482

407 198 464 246 P.
501 194 726 248 OVIDII
760 187 1076 242 NASONIS
1112 181 1458 236 TRISTIUM

662 397 1006 450 ELEGIA
1051 396 1205 443 vn
1449 400 1454 419 ¹

209 523 265 556 Ab
289 521 411 554 amico
434 518 605 560 royatus,
627 516 672 548 ut
700 514 887 548 scriberet
917 513 963 545 de
991 508 1127 544 exsilio
1149 517 1231 550 suo,
1261 507 1299 540 et
1319 504 1410 549 que‘d
1432 504 1574 546 ayeret,
1597 500 1700 534 πη·-

257 577 321 618 bit,
347 584 427 608 sese
455 574 634 607 miserum
663 580 742 604 esse
763 570 937 611 interque
963 565 1177 610 feris-simas
1207 564 1335 605 yentes
1367 561 1555 602 vivere,a

1530 558 1697 591 attamen

254 632 293 664 in
316 631 402 673 ipsa
427 628 625 670 barbaria,
648 625 818 669 quamvis
842 623 1008 656 omnibus
1039 619 1265 654 adiumentis
1299 620 1335 652 et
1356 613 1608 650 incitamentis
1630 613 1697 645 de-

255 687 410 721 stitutus
433 686 495 728 sit,
516 684 556 717 in
578 684 769 715 malorum
793 679 1013 713 oblivionem
1036 676 1247 710 carminum
1269 673 1395 707 studio
1418 678 1572 705 vacare.

168 816 322 878 Quam
354 814 502 878 legis,
538 826 605 860 ex
637 809 728 858 illa
759 808 850 857 tibi
883 807 1022 855 venit
1055 803 1268 870 epistola
1299 807 1447 860 terra,

233 899 390 949 Latus
424 895 508 944 ubi
542 893 801 958 aequoreis
836 889 1033 938 additur
1066 889 1194 936 Ister
1228 886 1380 953 aquis.

169 982 232 1035 Si
265 982 355 1031 tibi
390 979 631 1042 contingit
664 991 770 1024 cum
805 973 940 1022 dulci
974 974 1078 1021 vita
1115 970 1304 1028 salute,

238 1063 468 1116 Candida
501 1062 729 1111 fortunae
760 1075 875 1125 pars
909 1059 1068 1104 manet
1101 1070 1198 1102 una
1230 1065 1383 1101 meae.

170 1149 399 1208 Scilicet,
435 1150 488 1194 ut
522 1158 728 1210 semper,
766 1141 883 1206 quid
917 1154 1073 1203 agam,
1111 1137 1377 1194 carissime,
1413 1130 1635 1198 quaeris3
1670 1126 1704 1177 5

237 1231 473 1294 Quamvis
507 1227 606 1277 hoc
640 1225 728 1275 vel
762 1240 838 1274 me
872 1226 1002 1274 scire
1036 1224 1231 1271 tacente
1264 1222 1422 1285 potes.

393 1380 576 1414 ELEGIA
601 1378 685 1411 Vn.

216 1452 247 1485 1.
280 1449 345 1483 Ex
367 1447 450 1481 illa.
504 1446 567 1478 Sic
589 1446 693 1478 Vatt.
725 1445 762 1476 et
790 1443 906 1486 Mam,

172 1509 210 1540 et
238 1512 342 1539 vere.
405 1503 508 1535 Vett.
539 1502 619 1533 edd.
655 1509 681 1532 a
716 1498 906 1540 scythica.

172 1563 284 1597 0101.
341 1559 375 1593 A
405 1557 586 1599 Scythica
617 1558 723 1590 etiam
747 1556 908 1598 Pirckh.,

172 1628 224 1651 sc.
250 1626 297 1650 ex
319 1616 456 1658 glossa.
488 1631 531 1637 -—
558 1614 680 1647 Berol.
705 1613 812 1654 epist.
837 1620 909 1644 no-

173 1674 271 1706 stra.

219 1729 391 1762 ceterum
414 1727 450 1759 in
475 1726 600 1768 primis
630 1725 683 1756 his
710 1725 765 1757 IV
788 1723 910 1756 versi-

174 1787 241 1819 bus
271 1785 382 1817 facile
413 1784 662 1824 agnoscuntur
690 1780 915 1814 lineamenta.

174 1842 342 1883 vulgaris
373 1838 517 1871 exordii
549 1836 804 1877 epistolarum:
832 1834 909 1875 „N.

181 1896 403 1930 Tomitanus
428 1893 478 1925 N.
502 1892 551 1926 Ν.
604 1891 647 1923 Si
669 1892 788 1932 vales,
822 1889 915 1923 bene

177 1953 235 1985 est
251 1952 310 1984 vel
326 1945 514 1991 qaude0.“
550 1949 582 1979 A
605 1957 640 1979 v.
663 1947 695 1978 4.
721 1946 835 1987 ipsum
854 1945 911 1977 iu-

177 2007 266 2048 cipit
279 2005 458 2046 epistolae
480 2004 746 2043 argumentum:
757 2000 912 2042 „Quae-

111 2102 116 2109 ,
176 2061 236 2095 ris
259 2058 358 2093 etc.“
399 2060 487 2091 Her.
511 2059 579 2099 IV,
604 2057 634 2089 1.

245 2136 322 2170 Qua,
341 2133 400 2163 nisi
418 2134 451 2160 tu
469 2130 602 2164 dederis,
620 2129 753 2157 caritura
773 2131 820 2157 est
836 2129 912 2163 ipsa,

421 2215 432 2218 —
580 2175 710 2203 salutem

295 2222 392 2251 Mittit
415 2219 582 2249 Amazonio
609 2218 718 2247 Cressa
740 2217 851 2261 puella!
866 2215 915 2243 vi-

582 2271 626 2292 ro.

225 2338 258 2370 2.
291 2335 469 2370 Additur.
542 2336 600 2367 Ita
629 2334 705 2366 Pal.
740 2332 770 2364 1.
801 2334 839 2364 et
868 2331 915 2372 2.,

180 2395 268 2428 Vae.
294 2394 340 2436 1.,
363 2393 440 2426 Pol.
466 2391 513 2434 1.‚
536 2393 630 2432 put„
655 2390 767 2431 Gall„
793 2389 916 2428 Serv.,

182 2451 302 2492 BusL,
333 2451 436 2490 Iun.,
467 2449 542 2480 vn
571 2446 633 2478 alii
662 2446 796 2486 Heius„
819 2446 916 2477 Mor.

181 2514 251 2547 pro
276 2514 328 2547 v.,
352 2504 490 2546 Guelf„
518 2504 624 2535 Bern.
657 2503 695 2533 et
722 2499 852 2532 Dresd.
873 2514 920 2522 „⁴

182 2561 288 2602 neg„
313 2562 424 2602 Mon,
447 2560 597 2600 Franc.,
620 2558 771 2597 Bersm„
798 2555 853 2587 VI
875 2561 918 2585 a-

181 2617 223 2649 lii
246 2616 367 2649 nefins.
392 2618 430 2647 et
459 2615 616 2647 eiusdem
641 2613 695 2644 ed.
720 2619 790 2652 pr.,
820 2611 919 2650 seg„

183 2672 320 2714 Berol„
344 2671 441 2712 Rel.,
458 2667 573 2703 ‘ci-ev.
600 2671 637 2701 et
661 2668 749 2699 vett.
772 2666 850 2697 edd.
874 2664 919 2696 I-

184 2728 266 2759 ster
289 2726 434 2759 aditur.
480 2725 609 2757 Dresd.
622 2731 690 2763 pro
710 2732 744 2753 v.
762 2729 834 2752 scr.
858 2720 920 2750 la-

186 2782 301 2815 bitur.
353 2781 462 2822 pauci
489 2778 669 2821 iunyitur.
729 2775 922 2816 Scriptura

185 2838 319 2871 aditur
341 2837 516 2868 mendosa
540 2836 604 2866 ost.
655 2831 835 2874 Irertyitur
853 2831 921 2861 flu-

186 2896 240 2928 xit
263 2903 283 2926 e
306 2895 410 2926 Pout.
435 2893 505 2934 111,
529 2894 565 2932 5,
590 2891 620 2922 1.

1040 1370 1137 1403 Quam
1153 1365 1244 1402 legis,
1262 1364 1344 1393 unde
1361 1361 1573 1396 ammittantur
1590 1357 1708 1394 episto-

1372 1409 1414 1442 la,
1434 1404 1581 1443 quaeris?

1090 1457 1184 1492 Hinc,
1211 1454 1264 1484 ubi
1290 1452 1441 1482 caeruleis
1468 1448 1604 1485 iungitur
1627 1446 1709 1494 htux·

1369 1502 1467 1533 aquis.

974 1560 1095 1595 Latus
1117 1560 1234 1592 Ister.
1277 1558 1360 1593 Vid.
1382 1556 1429 1588 ad
1453 1555 1505 1598 11,
1529 1550 1605 1585 189.

1021 1629 1052 1660 3.
1087 1623 1398 1667 Continqit.1>a1.
1418 1621 1465 1662 1.,
1485 1619 1608 1660 Goth„
1623 1618 1708 1658 seg.

977 1679 1046 1726 (²),
1069 1685 1158 1725 Reg.
1183 1691 1252 1724 pro
1275 1691 1310 1714 v.
1302 1701 1327 1723 .‚
1348 1677 1442 1712 VIII
1461 1675 1523 1707 alii
1538 1673 1711 1705 namet

977 1741 1135 1772 eiusdem
1165 1740 1220 1770 ed.
1258 1745 1314 1777 pr.
1349 1728 1563 1772 contigerit.
1627 1727 1710 1761 Bel.

978 1794 1145 1837 contigit
1191 1795 1297 1827 Serv.
1320 1786 1520 1827 continuet.
1553 1784 1655 1818 Leid.
1674 1783 1712 1815 et

979 1852 1073 1884 alius
1097 1859 1176 1883 cum
1199 1850 1289 1881 vett.
1303 1845 1383 1877 edd.
1398 1840 1604 1883 continqat.
1634 1839 1711 1872 Re-

978 1907 1067 1948 liqui
1097 1904 1268 1947 permulti
1297 1897 1500 1941 continqit,
1531 1897 1626 1938 quod
1647 1902 1713 1928 re-

980 1967 1076 1996 ctum
1101 1961 1184 1994 mihi
1206 1959 1367 1992 videtur:
1390 1955 1444 1987 sic
1467 1953 1559 1987 enim
1578 1952 1713 1994 vulga-

979 2028 1022 2052 re
1052 2025 1193 2060 quoque
1228 2013 1466 2056 epistolarum
1503 2009 1714 2045 exordium:

978 2074 1044 2115 „si
1074 2073 1207 2105 vales
1231 2094 1238 2101 .
1265 2068 1307 2101 .“
1331 2067 1529 2100 indicatiw
1559 2066 1598 2096 et
1619 2066 1713 2096 tem-

982 2136 1074 2170 pore
1098 2125 1292 2168 praesenti.

1028 2195 1058 2227 4.
1094 2194 1196 2226 Pars
1218 2190 1356 2222 manet.
1402 2188 1479 2220 Pal.
1503 2187 1535 2219 1.
1557 2188 1594 2218 et
1619 2184 1715 2217 alius

986 2251 1072 2293 erit,
1105 2249 1200 2291 quod
1229 2247 1307 2278 sine
1337 2245 1469 2277 idonea
1498 2250 1630 2276 caussa
1651 2236 1722 2274 re-v

985 2307 1082 2348 cepit
1106 2301 1262 2337 Merkel.
1308 2301 1359 2342 V,
1383 2300 1420 2342 8,
1445 2298 1498 2331 17.

1049 2368 1109 2398 Sed
1127 2366 1214 2395 modo
1233 2366 1314 2393 laeta
1333 2364 1434 2391 manet
1452 2361 1629 2395 (Fortuna),
1646 2357 1716 2387 vnl-

1254 2412 1302 2437 tus
1321 2408 1410 2436 modo
1427 2405 1520 2435 sumit
1537 2403 1664 2432 acerbos
1682 2416 1716 2422 ——

984 2473 1044 2505 ubi
1067 2472 1138 2504 vid.
1161 2472 1236 2502 not.
1245 2490 1258 2510 ,
1289 2470 1326 2499 et
1354 2467 1410 2500 sic
1438 2463 1573 2506 poetae
1596 2460 1715 2494 oratio

985 2529 1092 2560 etiam
1127 2524 1326 2565 respondet
1362 2519 1529 2562 vulgari,
1565 2518 1609 2549 de
1645 2523 1716 2557 quo

984 2584 1054 2615 iam
1079 2581 1252 2621 diximus,
1287 2577 1523 2619 epistolarum
1547 2572 1717 2606 exordio:

980 2636 1043 2679 „si
1065 2636 1180 2676 vales,
1206 2634 1313 2666 bene
1345 2631 1452 2665 est.“
1493 2631 1572 2664 Nec
1596 2627 1718 2660 obstat

987 2692 1084 2725 ratio
1106 2690 1320 2723 sententiae.

1031 2745 1212 2780 candida.
1265 2745 1347 2777 vid.
1371 2743 1422 2783 V,
1445 2743 1482 2782 5,
1505 2739 1558 2773 14.
1581 2740 1619 2770 et
1643 2738 1718 2768 not.

988 2804 1033 2836 ad
1058 2803 1127 2844 IV,
1151 2803 1186 2843 1,
1212 2800 1264 2833 64.

1032 2884 1063 2914 5.
1089 2878 1186 2919 Quid
1197 2885 1320 2919 aqam.
1341 2876 1410 2916 111,
1423 2874 1459 2916 8,
1473 2874 1503 2906 6.
1521 2874 1558 2904 et
1569 2872 1600 2913 1,
1617 2870 1652 2912 1,
1669 2869 1724 2902 18.
