1846 3146
169 158 269 210 250

409 158 467 208 P.
503 157 725 209 ovmn
759 159 1076 213 NASONIS
1110 136 1453 215 'rmsrlUM

169 280 340 332 Omnia
374 295 479 331 cum
512 281 732 343 subeant,
766 285 927 333 vineis
962 290 1118 334 tamen
1153 288 1326 348 omnia,
1362 290 1557 350 coniux,
1626 289 1706 339 15

233 363 301 412 Et
332 364 444 431 plus
477 367 528 413 in
561 369 729 414 nostro
763 372 965 433 pectore
998 373 1137 434 parte
1171 374 1325 418 tenes,

167 442 246 496 Te
279 447 457 512 loquor
489 448 751 509 absentem,
786 465 892 499 vox
924 456 974 499 te
1007 466 1114 500 mea
1146 454 1359 501 nominat
1392 469 1548 515 unam,

234 530 391 579 Nulla
423 532 562 580 venit
594 534 701 580 sine
735 537 784 581 te
818 548 920 582 nox
951 534 1081 595 mihi,
1116 535 1254 584 nulla
1289 526 1411 585 dies·

166 611 295 673 Quin
329 616 473 663 etiam
506 615 581 663 sie
613 601 690 664 me
724 614 891 665 dicunt
922 616 1083 666 aliena
1115 618 1344 679 locutum,

232 696 301 746 Ut
333 697 464 746 foret
497 700 700 747 amentis
732 714 905 762 nemen
937 701 987 748 in
1023 715 1110 749 ore
1143 706 1289 750 tuum.

1629 704 1719 765 20,

164 777 225 830 Si
257 781 351 828 iam
384 779 605 829 deficiam
637 797 995 847 suppressaque
1027 783 1196 848 lingua
1228 784 1414 851 palate,

230 863 337 912 Vix
368 862 610 914 instillato
645 864 947 914 restituenda
980 880 1136 915 mero:

162 1022 258 1057 ram,
287 1023 358 1048 nee
385 1014 466 1056 ipsa
494 1014 751 1047 auctoritatem
787 1015 896 1048 habet

161 1071 252 1104 vett.
273 1070 462 1104 librorum.
514 1073 640 1112 Itaque
670 1068 806 1112 affecto
830 1079 894 1103 re-

160 1125 269 1168 tinui,
291 1128 386 1167 quod
410 1128 455 1158 de
483 1126 651 1168 graviter
678 1128 894 1167 aegrotante

162 1189 277 1223 saepe
299 1182 446 1224 legitur.
491 1183 599 1222 Prop.
622 1182 671 1223 ΙΙ,
695 1180 753 1221 21,
775 1179 806 1211 1.

227 1256 344 1292 Iupiter
360 1256 486 1285 affectae
503 1257 624 1284 tandem
641 1254 786 1283 miserere
806 1254 893 1290 puel-

558 1303 616 1330 lae.

162 1350 287 1382 Amor.
311 1351 362 1392 11,
386 1350 423 1392 2,
445 1349 500 1382 21.

227 1423 289 1452 Ibit
307 1425 346 1452 ad
364 1424 513 1459 affectam,
542 1432 619 1460 quae
644 1432 705 1454 non
729 1424 895 1461 languebit,

531 1485 533 1488 ·
559 1478 696 1498 amlcam.

160 1537 236 1571 Cic.
259 1539 306 1570 ad
335 1541 411 1572 Aet.
441 1541 539 1573 XIV.
563 1540 630 1581 Ep.
653 1539 707 1572 18.
753 1538 895 1572 Caesa-

159 1601 242 1640 rem
263 1593 431 1636 Neapoli
453 1594 630 1638 affectum
645 1594 821 1636 ⁸qraviter
833 1592 894 1625 vi-

159 1649 305 1683 deram.
364 1651 447 1684 Vid.
478 1652 624 1684 Terent.
655 1653 791 1692 Hecyr.
823 1651 893 1691 ΙΙΙ,

163 1705 200 1746 2,
224 1705 277 1737 45.
301 1707 338 1738 et
360 1706 517 1747 interpp.
539 1708 586 1738 ad
608 1707 690 1739 Liv.
710 1708 757 1740 V.
785 1715 816 1739 c.
840 1706 892 1739 18.

203 1770 322 1804 Subit.
368 1773 451 1806 Vid.
475 1774 522 1806 ad
559 1775 592 1816 Ι,
631 1774 667 1816 3,
699 1774 729 1807 1.
774 1775 830 1808 De
850 1781 893 1807 re

161 1829 258 1860 conf.
281 1830 349 1871 ΙΙΙ,
373 1829 409 1870 2,
433 1829 485 1860 21.

206 1905 258 1937 15.
297 1904 431 1937 Omnia
446 1913 538 1937 cum
557 1905 724 1938 subeant.
773 1909 893 1941 Guelf.

159 1957 203 1990 si.
258 1961 393 1991 Bersm.
429 1959 582 2000 optima.
654 1963 759 1995 Serv.
794 1969 896 1994 mene

160 2012 330 2046 subeunt.
374 2016 508 2048 Franc.
531 2016 667 2048 vinces.

206 2092 259 2125 16.
293 2091 388 2124 Plus
412 2090 555 2134 ‘parta
621 2096 736 2137 Reg.,
779 2095 891 2137 Busl.,

160 2146 322 2190 Pirckh.,
345 2149 461 2191 Leid.,
485 2150 576 2191 Iun„
600 2151 653 2183 1v
676 2149 739 2182 alii
755 2149 926 2192 Heius„-

161 2204 217 2235 ed.
240 2212 296 2244 pr.
327 2205 364 2235 et
386 2213 453 2244 pro
470 2214 503 2237 v.
526 2214 597 2238 scr.
621 2206 701 2237 Bel.
715 2207 751 2237 et
762 2206 890 2238 Dresd.

158 2260 247 2301 plus
267 2258 397 2299 partis
416 2259 541 2292 habes.
571 2277 615 2283 —-
642 2262 732 2301 Reg.
763 2268 831 2301 pro
854 2269 890 2292 v.

160 2324 232 2348 scr.
257 2315 369 2347 tenes.
414 2316 564 2358 Bersm.‚
593 2317 650 2348 VI
673 2315 735 2348 alii
757 2315 893 2356 Heins.‚

160 2372 241 2404 Bel.
264 2374 302 2404 et
324 2371 444 2404 Berol.
475 2379 498 2402 a
530 2372 559 2404 1.
592 2381 636 2404 m.
660 2379 757 2403 cara
781 2366 893 2411 tenes}

160 2428 225 2459 sed
254 2430 406 2468 uterque
435 2436 504 2468 pro
534 2437 568 2459 v.
593 2435 665 2459 scr.
687 2428 803 2468 parte
834 2428 891 2459 te-

161 2490 238 2513 nes,
294 2482 438 2523 Reliqui
468 2484 571 2518 codd.
610 2485 647 2515 et
681 2485 770 2515 vett.
801 2485 895 2526 edd.,

162 2540 202 2569 ut
226 2539 395 2571 dedimus.
440 2539 492 2580 V,
517 2538 574 2580 10,
598 2539 652 2569 30.

226 2626 260 2631 —-
293 2627 326 2631 —-
360 2628 394 2632 —
419 2616 450 2640 et
473 2613 546 2640 tecti
570 2613 637 2647 plus
664 2619 783 2647 quoque
809 2617 895 2648 parte

559 2659 650 2684 tenet.

162 2705 247 2737 Her.
270 2706 370 2746 XXI,
395 2705 426 2735 8.

229 2778 287 2806 Illa
305 2781 403 2806 tamen
423 2779 501 2808 iusta
520 2781 586 2815 plus
605 2781 660 2809 tibi
678 2784 763 2817 parto
783 2781 874 2811 favet.

163 2849 267 2891 Virg.
292 2850 428 2891 Georg.
452 2850 485 2891 1,
509 2850 563 2882 35.
584 2896 587 2897 ⁷

1025 1029 1059 1035 —
1080 1029 1114 1034 —
1135 1028 1169 1034 —-
1194 1015 1225 1042 et
1239 1012 1327 1048 :coeli
1349 1011 1431 1040 insta
1453 1012 1522 1048 plns
1537 1016 1625 1049 parte
1642 1020 1695 1042 re-

1355 1056 1476 1092 linquit.

1008 1127 1058 1159 17.
1099 1125 1149 1158 Te
1181 1125 1329 1166 loquor.
1384 1125 1474 1166 Reg.
1503 1124 1692 1166 alloquor.

959 1183 1091 1215 Franc.
1113 1189 1136 1213 a
1157 1181 1189 1212 2.
1212 1188 1256 1212 m.
1270 1179 1306 1212 te
1317 1179 1511 1226 alloquor.
1555 1181 1692 1213 Franc-

960 1244 1038 1268 vox
1061 1236 1099 1268 et
1119 1243 1212 1267 mea.
1235 1251 1281 1258 -—·
1310 1236 1358 1268 V.
1382 1235 1435 1268 18.
1465 1236 1552 1277 Seg.
1582 1236 1694 1268 nulla

959 1288 1191 1321 milii—now
1213 1288 1317 1322 vem't
1335 1298 1374 1321 n.
1397 1289 1446 1332 (1.,
1467 1291 1504 1322 et
1525 1291 1563 1323 in
1580 1298 1694 1333 marg.

961 1346 1072 1378 nulla
1092 1343 1171 1377 dies
1193 1343 1274 1377 sine
1302 1345 1354 1389 test
1369 1353 1449 1379 nox
1469 1344 1559 1378 milti
1579 1342 1695 1381 nulla‘
1758 1343 1760 1345 ’

962 1400 1075 1434 venit.

1004 1479 1059 1510 20.
1092 1477 1364 1511 Amentis—u'n
1377 1487 1455 1512 ore.
1499 1480 1630 1514 vam.
1645 1488 1693 1513 a-

960 1532 1091 1566 manti.

962 1589 1090 1630 Vides,
1113 1590 1224 1632 unde,
1246 1591 1341 1631 quod
1363 1598 1460 1625 nuno
1478 1592 1588 1634 vulgo
1598 1591 1695 1633 legi-

961 1644 1021 1675 tur
1054 1638 1206 1685 amenh‘,
1241 1645 1433 1688 originem·
1453 1648 1604 1688 habeat;
1649 1654 1696 1679 ao

959 1699 1039 1739 plus
1071 1702 1214 1732 centum
1250 1702 1344 1734 locis
1373 1703 1467 1735 hanc
1497 1703 1692 1735 dictionem
1751 1707 1757 1716 ¹

958 1755 1051 1787 idem
1080 1755 1246 1788 Heinsius
1268 1758 1407 1790 Nasoni
1439 1749 1616 1800 obtrudit,
1653 1758 1696 1790 ut

958 1811 1046 1843 Met.
1069 1812 1107 1853 Ι,
1137 1811 1229 1854 541.,
1257 1814 1349 1858 ⁶3⁷5,
1378 1814 1452 1857 VI,
1478 1814 1571 1856 226,
1604 1814 1695 1855 vn,

961 1867 1052 1909 308,
1084 1868 1211 1908 quibus
1238 1867 1332 1900 locis
1359 1869 1449 1902 Iahn
1476 1877 1594 1910 nuper
1624 1873 1694 1901 ve-

960 1931 1039 1955 ram
1060 1923 1282 1964 scripturam
1302 1924 1474 1957 restituit.
1518 1921 1694 1958 Scriben-

960 1980 1041 2011 dum
1064 1979 1233 2011 amentis.
1279 1979 1364 2011 Vid.
1387 1980 1433 2011 ad
1458 1980 1527 2021 IV,
1556 1979 1613 2022 10,
1637 1978 1693 2010 46.

960 2037 998 2067 et
1020 2037 1066 2066 ad
1088 2037 1137 2078 ll,
1161 2035 1236 2066 522.
1253 2049 1294 2056 -·
1312 2034 1433 2067 Guelf.
1455 2031 1596 2066 amenti
1620 2032 1697 2064 ad·-

961 2091 1035 2122 dita
1056 2097 1215 2131 superne
1234 2097 1263 2120 s.

1001 2154 1132 2187 Foret.
1176 2154 1259 2187 Vid.
1283 2155 1316 2196 Ι,
1346 2156 1382 2197 5,
1406 2154 1453 2197 6.,
1476 2155 1549 2196 111,
1572 2153 1608 2196 9,
1632 2154 1686 2187 18.

1003 2231 1056 2264 21.
1079 2230 1122 2263 Si
1144 2230 1220 2263 iam
1243 2229 1425 2273 deficiam.
1459 2230 1627 2265 Heinsius
1643 2238 1690 2264 ex

961 2287 1175 2318 coniectura
1205 2287 1318 2320 dedit:

1026 2359 1059 2390 si
1085 2360 1144 2388 iam
1167 2360 1289 2389 deficiat
1311 2366 1473 2396 suppresso
1502 2360 1613 2397 lingua',
1635 2368 1691 2397 pa-

1354 2405 1427 2432 lato.

962 2459 1064 2503 Quae
1093 2465 1279 2505 scriptura
1309 2473 1404 2497 nunc
1437 2473 1507 2506 pro
1540 2463 1693 2504 vulgata

962 2519 1028 2548 est.
1086 2518 1141 2550 Ne
1170 2519 1269 2551 illam
1300 2520 1463 2552 inutilem
1501 2517 1690 2551 coniectu-

960 2579 1038 2603 ram
1069 2574 1187 2605 multis
1218 2576 1400 2617 refutem,
1428 2574 1613 2614 scriptura
1645 2579 1691 2604 0-

961 2627 1091 2659 mnium
1114 2632 1279 2662 veterum
1302 2630 1497 2671 librorum,
1507 2635 1610 2670 quam
1621 2628 1691 2659 de-

963 2683 1092 2725 dimus,
1126 2684 1271 2725 integra
1304 2692 1350 2717 ac
1385 2685 1495 2725 plana
1529 2685 1600 2716 est:
1646 2681 1692 2714 Si

959 2737 1036 2770 iam
1061 2737 1230 2780 deficiam
1247 2739 1399 2776 (animo)
1416 2745 1693 2780 suppressaque

960 2793 1042 2830 (sit)
1084 2792 1214 2834 linyua
1249 2794 1369 2835 (poet’
1395 2803 1418 2826 a
1450 2794 1558 2834 copia.
1589 2793 1689 2825 addit

959 2857 1088 2881 nomen
1110 2850 1202 2887 loci)
1216 2803 1432 2951 palato}-
1441 2848 1587 2882 nuntiet
1597 2849 1683 2887 (mi-

1135 1535 1219 1576 Seg.
1242 1534 1517 1568 amenti—ore.
1540 1535 1690 1568 Hzmvs.
1748 1552 1751 1554 -
