1846 3146
489 632 579 691 1⁸.
618 629 960 693 ovnul
990 633 1403 694 NASONIS

272 801 1621 888 TRISTIUM

755 952 1149 1062 nmmum.

728 1327 1072 1379 ELEGIA
1111 1330 1169 1378 1.

228 1450 344 1488 Liber
365 1461 385 1486 e
405 1450 564 1493 Scythia
585 1451 747 1486 Romam
773 1453 911 1487 missus
940 1453 1043 1496 plebi
1064 1454 1219 1496 narrat,
1252 1452 1436 1495 quomodo
1465 1450 1506 1484 in
1536 1449 1621 1492 ipso
1646 1449 1718 1483 ad-

272 1509 388 1542 ventu
419 1517 488 1542 suo
519 1508 561 1542 in
595 1508 732 1542 Urbem
759 1509 813 1542 sit
839 1510 1026 1551 receptus.
1072 1508 1290 1551 Postquam,
1313 1509 1396 1552 quis
1420 1507 1527 1548 esset,
1549 1513 1719 1538 narras-

272 1566 342 1607 set,
365 1565 405 1597 et
427 1564 587 1606 orasset,
609 1565 654 1597 ut
675 1564 775 1598 sein
804 1565 961 1608 aliquod
992 1563 1247 1598 diversorium
1273 1563 1466 1605 publicum
1497 1561 1719 1603 (bibliothe-

272 1621 380 1663 cam)
404 1620 598 1662 ducerent,
621 1628 737 1663 aeyre
758 1629 872 1654 unum
893 1621 1085 1653 inventum
1108 1629 1197 1662 esse,
1219 1619 1284 1662 qui
1305 1618 1444 1660 hospiti
1457 1619 1719 1662 acpereyrino

272 1676 375 1710 viam
395 1677 642 1710 monstraret.
699 1677 866 1710 Ductum
893 1677 1019 1719 itaque
1052 1685 1093 1709 se
1122 1684 1200 1708 esse
1226 1683 1299 1716 per
1326 1675 1456 1717 forum
1479 1676 1659 1710 Caesaris
1682 1676 1721 1709 et

273 1732 376 1766 viam
397 1732 562 1765 Sacram
584 1731 698 1765 iuxta
722 1733 901 1775 templum
928 1732 1062 1765 Vestae
1096 1731 1135 1764 et
1155 1729 1301 1773 reyiam
1322 1729 1471 1763 Numae
1493 1733 1546 1765 ad
1563 1732 1721 1774 portam

275 1787 442 1822 Palatia*
480 1788 579 1823 Inde
600 1787 715 1821 iuoeta
736 1790 886 1822 domum
909 1787 1086 1821 Caesaris
1097 1785 1257 1828 Anqusti
1276 1803 1322 1809 -—
1347 1794 1418 1829 quo
1441 1787 1525 1820 loco
1549 1785 1721 1820 occasio-

272 1851 357 1875 nem
379 1843 536 1885 captat,
578 1843 752 1887 Principi
781 1843 970 1886 inqeniose
999 1841 1214 1876 blandiendi
1241 1841 1459 1884 veniamque
1495 1842 1721 1887 delictorum

273 1907 429 1932 suorum
452 1893 591 1932 orandi
611 1916 658 1923 ——-
679 1900 824 1933 venisse
847 1900 898 1932 ad
919 1898 1083 1932 vicinam
1106 1891 1232 1931 domui
1246 1896 1438 1940 Auyustae
1463 1897 1723 1931 bibliothecam

275 1955 314 1987 et
335 1955 520 1996 templum*
540 1954 732 1996 Apollinis
757 1952 941 1994 Palatini,
963 1952 1025 1985 ubi
1047 1961 1131 1986 cum
1162 1961 1237 1985 non
1260 1954 1356 1986 esset
1376 1955 1564 1995 receptus,
1587 1951 1722 1985 biblio-

275 2008 421 2043 thecam
446 2008 641 2050 publicam
669 2009 710 2042 in
741 2009 897 2051 porticu
928 2008 1107 2049 Octaviae
1137 2010 1175 2041 et
1200 2008 1287 2041 inde
1323 2008 1478 2041 tertiam
1511 2008 1550 2040 in
1582 2007 1723 2048 templo

273 2064 495 2108 Libertatis,
516 2067 583 2099 sed
602 2066 769 2108 frustra,
793 2065 942 2098 adiisse.
988 2063 1148 2097 Publico
1169 2062 1289 2104 iqitur
1311 2062 1522 2105 quiescendi
1544 2063 1628 2094 loco
1650 2070 1723 2102 ne-

272 2123 364 2165 yato
386 2122 519 2164 roqat,
548 2122 595 2154 ut
612 2120 762 2162 privati
784 2129 864 2153 sese
885 2117 1059 2160 recipere
1090 2118 1227 2160 velint,
1260 2127 1354 2161 neu,
1385 2127 1482 2162 quae
1517 2116 1735 2158 contineat,v

275 2177 450 2211 carmina
474 2178 599 2220 legere
616 2176 834 2220 fastidiant.

365 2232 541 2267 Ceterum
563 2240 719 2267 carmen
741 2232 811 2264 hoe
834 2231 873 2264 et
890 2231 1021 2274 forma
1043 2229 1080 2262 et
1101 2227 1215 2261 rebus
1245 2237 1421 2271 maynam
1454 2216 1568 2261 habet
1585 2226 1725 2260 simili-

275 2288 442 2324 tudinem
465 2297 549 2322 cum
570 2287 661 2321 libri
680 2285 797 2328 primi
820 2285 938 2328 eleyia
957 2284 1105 2328 prima;
1139 2283 1214 2317 nisi
1237 2285 1337 2327 quod
1358 2283 1399 2315 in
1420 2281 1494 2315 illa
1517 2282 1616 2316 libro
1639 2282 1724 2316 Ro-

275 2353 376 2378 mam
395 2343 623 2386 profecturo
646 2343 830 2376 mandata
852 2342 1009 2383 dantur,
1031 2341 1214 2382 quomodo
1235 2339 1287 2372 ibi
1307 2348 1345 2372 se
1356 2339 1472 2381 gerat
1492 2339 1529 2372 et
1551 2337 1641 2381 quid
1661 2337 1725 2372 di-

278 2400 355 2443 cat,
384 2399 444 2432 bic
475 2400 601 2432 autem
633 2406 789 2431 carmen
810 2397 933 2439 ipsum
956 2396 1112 2438 narrat,
1133 2395 1224 2439 quid
1252 2391 1399 2429 dixerit
1419 2394 1459 2428 et
1477 2394 1661 2437 quomodo
1682 2392 1723 2426 in

285 2455 386 2489 Urbe
407 2454 458 2488 sit
480 2455 686 2497 receptum.

364 2511 529 2547 Pirckha
557 2510 737 2553 Epistola
757 2507 905 2545 decima
930 2505 1060 2541 tertia.
1105 2505 1388 2550 Re1.Epistolu
1409 2504 1556 2542 decima
1576 2502 1720 2548 quinta.
