1846 3146
212 141 310 205 16⁰

461 140 518 190 P.
555 139 778 192 OVIDII
812 140 1128 194 NASONIS
1162 142 1505 208 TRISTIUM

212 263 313 312 Per
346 277 486 328 quem
519 263 653 312 bella
686 265 846 329 geriS,
883 266 1020 314 cuius
1053 281 1182 315 nunc
1215 281 1426 334 corpore
1459 283 1673 334 pugnae,

277 346 567 412 Auspicium
602 348 681 396 cui
715 345 805 395 das
839 346 1027 411 grande
1062 347 1280 414 deosque
1313 355 1442 412 tuoS‚
1710 350 1715 354 ”

212 428 523 492 Dimidioque
557 430 628 476 tui
659 435 894 494 praesens
927 436 978 479 et
1010 433 1217 498 respicis
1251 431 1448 494 Urbem,

1644 431 1744 483 175

277 510 494 560 Dimidio
528 511 704 576 procul
739 526 794 560 es
829 527 1076 578 saevaque
1111 514 1246 564 bella
1280 516 1440 579 geris3
1495 506 1503 516 ⁰

211 594 312 645 Hic
344 594 432 643 tibi
467 595 542 643 sic
574 594 747 644 redeat
780 600 1010 662 superato
1042 598 1207 646 victor
1239 596 1300 646 ab
1334 596 1492 658 hoste,

278 677 432 742 Inque
469 680 716 731 coronatis
752 677 944 742 fulgeat
978 678 1107 728 altus
1142 680 1304 744 equis:
1339 705 1407 716 —·
1486 670 1495 681 ¹

211 761 388 820 Parce,
422 775 614 826 precor,
651 760 929 826 fulmenque
965 766 1110 822 tuum,
1145 761 1253 810 fera
1285 759 1403 822 tela,
1438 750 1699 824 reconde.-

277 843 392 893 Heu
426 844 619 892 nimium
652 845 831 893 misero
868 845 1066 909 cognita
1099 842 1202 892 tela
1235 841 1376 892 mihi!

258 967 334 1000 174.
368 964 822 1010 Auspicium—deosque·
850 967 945 1000 tuos.

212 1025 273 1056 Ius
301 1022 513 1063 auspicandi
547 1022 703 1063 deosque
735 1023 946 1055 consulendi

212 1076 355 1110 nonnisi
373 1077 498 1109 summi
516 1077 764 1120 magistratus,
778 1086 846 1119 per
857 1076 946 1111 belli

212 1133 326 1175 igitur
346 1135 514 1175 tempora
536 1141 647 1174 penes
667 1133 794 1165 ducem
817 1135 854 1166 et
876 1132 945 1165 im-

211 1191 436 1231 peratorem,
460 1190 635 1229 quatenus
664 1188 695 1219 is
727 1195 799 1220 non
822 1196 845 1221 a
866 1180 945 1220 m'a-

211 1246 368 1285 gistratu
399 1244 498 1276 civili
528 1244 720 1285 penderet,
757 1245 852 1285 erat,
887 1242 947 1283 qui

211 1301 330 1333 ductu
353 1300 391 1332 et
413 1297 595 1338 auspiciis
617 1297 694 1329 suis
727 1306 787 1330 res
815 1305 947 1340 gerere

212 1356 413 1388 dicebatur.
447 1354 578 1396 Legati
589 1356 710 1386 autem
732 1356 769 1386 et
781 1354 946 1394 magistri

212 1411 371 1452 equitum
401 1410 466 1441 sub
499 1411 609 1442 ductu
633 1411 670 1442 et
693 1409 862 1450 auspiciis
885 1408 943 1440 al-

212 1466 343 1507 teriuS,
373 1473 446 1497 non
467 1465 559 1506 suis,
591 1472 652 1497 res
682 1470 814 1506 gerere
843 1463 944 1494 dice-

211 1521 355 1553 bantur.
407 1519 506 1560 Lips.
537 1520 582 1550 de
611 1518 689 1551 Mil.
719 1519 821 1551 Rom.
844 1519 889 1551 11.
914 1526 945 1551 c.

213 1575 267 1608 12.
299 1577 336 1607 et
366 1575 411 1606 ad
442 1575 555 1608 Tacit.
586 1574 716 1607 Annal.
744 1576 789 1607 II.
822 1582 852 1606 c.
878 1573 946 1616 18„

211 1631 379 1664 Perizon.
402 1630 567 1663 Animad.
593 1638 624 1662 c.
647 1631 694 1672 7.,
716 1631 876 1670 Inter-pp.
899 1630 946 1662 ad

211 1685 291 1719 Liv.
314 1686 413 1718 VIII.
438 1693 469 1717 c.
494 1685 547 1718 31.
592 1686 648 1719 Ex
663 1694 730 1727 quo
746 1684 857 1726 igitur
867 1685 946 1717 Au-

212 1743 339 1782 gustus
385 1741 584 1781 imperator
631 1743 828 1782 perpetuus
866 1741 948 1771 erat

211 1796 298 1833 (Dio
322 1797 364 1828 L.
388 1797 483 1832 LII.)
515 1802 755 1837 summamque
786 1797 823 1827 et
845 1795 947 1836 pacis

211 1853 250 1883 et
278 1851 366 1882 belli
397 1853 565 1893 tenebat,
607 1851 769 1892 auspicia
805 1857 946 1891 quoque

212 1905 332 1937 omnia
355 1905 401 1935 ad
426 1906 558 1937 bellum
582 1906 803 1946 pertinentia
815 1907 850 1938 in
869 1908 945 1939 eius

211 1962 396 2002 potestate
426 1963 551 2002 erant,
590 1963 628 1992 et
662 1962 739 1994 eius
773 1962 944 2008 auspiciis

212 2015 332 2048 omnia
362 2015 607 2058 gerebantur,
652 2018 690 2048 et
720 2017 795 2058 illi,
841 2025 944 2058 quem

211 2072 301 2104 belli
318 2070 647 2103 administratorem
667 2071 858 2113 deligeret,
874 2079 944 2102 au-
982 2092 985 2095 f

211 2125 335 2169 spicia
357 2133 429 2157 sua
453 2117 573 2158 dabat.
618 2126 711 2158 Hinc
734 2127 833 2159 Suet.
851 2128 944 2167 Aug.

173 2174 175 2176 ’
213 2190 244 2214 0.
279 2181 334 2214 21.
365 2179 509 2213 domuit
545 2181 671 2212 antem
697 2181 843 2221 partim
873 2182 946 2214 αιι-

211 2237 288 2277 ctu,
309 2235 457 2278 partim
489 2234 669 2276 auspiciis
698 2235 776 2268 suis
800 2237 946 2270 Canta-

210 2291 334 2323 briam
358 2288 427 2323 etc.
488 2290 591 2323 conf.
622 2291 701 2323 Art.
731 2293 774 2325 A.
798 2293 837 2334 Ι,
869 2291 944 2323 191.

211 2348 249 2378 et
271 2346 426 2386 interpp.
458 2346 504 2377 ad
535 2345 623 2376 Hor.
654 2345 718 2378 Od.
743 2347 808 2388 1V,
832 2346 888 2388 14,
912 2347 943 2378 9.

210 2403 249 2433 et
271 2401 325 2434 23.
348 2415 393 2421 --
414 2398 507 2431 Dum
529 2398 717 2431 Ausonius
747 2403 867 2433 autem
889 2402 946 2433 est

208 2457 387 2490 Tiberius.
434 2456 488 2487 De
511 2455 626 2486 verbo
656 2454 843 2487 Ausonius
871 2456 943 2489 vid.

210 2513 301 2553 adl,
314 2512 349 2552 3,
370 2511 400 2542 6.
457 2511 512 2543 De
541 2510 646 2542 bellis
663 2510 737 2543 illis
767 2512 838 2544 vid.
867 2514 943 2545 not.

210 2568 257 2599 ad
280 2577 315 2598 v.
339 2567 415 2598 229.
451 2581 496 2587 --
523 2564 695 2607 Deosque
717 2567 804 2599 tuos
826 2574 942 2607 expo-

210 2623 265 2656 nit
287 2623 378 2655 iHud
401 2619 621 2662 auspicium.

256 2709 555 2743 175.'Praesens
588 2710 635 2742 et.
696 2710 797 2750 put,
832 2708 945 2750 Busl.,

209 2767 302 2808 Iun.,
323 2766 457 2798 Franc.
481 2767 518 2798 et
536 2767 589 2797 111
604 2764 669 2797 alii
678 2765 814 2797 Heinsii
824 2771 944 2805 prae-

210 2830 295 2854 sens
330 2829 369 2854 es
398 2821 436 2853 et
469 2819 621 2863 aspicis.
680 2820 716 2853 V
744 2819 882 2861 Heius„
906 2819 943 2852 in

1639 845 1739 896 180

1012 966 1140 1008 quibus
1163 965 1247 999 Vat.
1273 953 1304 999 1'.
1327 967 1365 999 et
1393 966 1484 1011 Pal.
1499 967 1532 1000 2.
1557 975 1743 1010 praesens

1015 1030 1054 1054 es
1076 1020 1246 1063 respicis.
1290 1023 1403 1064 Mon,
1429 1023 1551 1066 Goth„
1573 1025 1679 1056 Bern.
1702 1026 1742 1056 et

1010 1077 1091 1109 Rel.
1115 1084 1184 1117 pro
1206 1086 1242 1109 v.
1263 1085 1336 1110 scr.
1353 1085 1536 1118 praesens
1552 1079 1650 1110 lianc
1671 1086 1740 1110 re-

1010 1130 1137 1174 spicis,
1160 1132 1254 1172 quod
1275 1132 1411 1173 primus
1434 1133 1545 1165 edidit
1567 1134 1746 1180 Burman-

1011 1195 1089 1220 nus.
1169 1188 1241 1220 Sed
1286 1187 1471 1228 scriptura
1520 1188 1747 1233 reliqu-orum

1014 1244 1117 1276 codd.
1149 1242 1304 1275 omnium
1333 1244 1371 1274 et
1399 1243 1489 1274 vett.
1520 1243 1600 1274 edd.
1621 1241 1743 1284 prae-

1013 1308 1098 1331 sens
1128 1299 1164 1330 et
1192 1306 1292 1338 resp.
1324 1299 1427 1329 recte
1456 1297 1582 1330 habetz
1626 1305 1744 1339 neque

1013 1355 1103 1386 enim
1117 1352 1227 1394 poeta
1239 1353 1370 1384 absens
1400 1353 1444 1384 de
1472 1353 1590 1385 Roma
1611 1351 1744 1385 δεικτι-

1010 1408 1082 1447 κῶς
1105 1409 1227 1441 dicere
1259 1409 1382 1449 potest
1408 1406 1505 1438 hanc
1527 1407 1669 1449 urbem,
1705 1409 1744 1440 et

1010 1464 1120 1505 vide,
1159 1471 1262 1504 quam
1296 1463 1474 1495 concinna
1516 1462 1564 1494 sit
1593 1463 1746 1502 recepta

1011 1520 1213 1560 scriptura:
1225 1518 1262 1549 et
1272 1516 1426 1549 dimidio
1442 1515 1499 1549 tui
1507 1525 1691 1558 praesens
1707 1525 1748 1549 es

1013 1576 1051 1608 et
1074 1573 1232 1616 respicis
1261 1572 1408 1614 Urbem,
1432 1571 1585 1605 dimidio
1602 1572 1744 1613 procul

1015 1639 1054 1663 es
1077 1631 1114 1662 et
1135 1637 1251 1661 saeva
1272 1627 1376 1660 bella
1391 1627 1504 1670 aeris.
1549 1627 1605 1660 Es
1626 1628 1744 1670 primo

1012 1685 1097 1718 loco
1138 1684 1321 1726 omissum,
1353 1692 1400 1716 ne
1433 1684 1486 1716 bis
1519 1686 1741 1725 poneretur3

1014 1741 1052 1772 et
1073 1740 1182 1781 plane
1206 1739 1322 1771 omitti
1345 1740 1502 1780 poterat.
1545 1739 1629 1781 Vid.
1645 1739 1748 1772 Fast.

1014 1794 1081 1836 IV,
1111 1793 1164 1826 1³.
1230 1793 1436 1835 Respicere
1470 1793 1659 1839 proprium
1701 1794 1747 1826 de

1013 1849 1079 1881 diis
1101 1846 1263 1881 verbum.
1302 1848 1462 1881 Brisson.
1498 1850 1543 1880 de
1565 1850 1687 1882 Form.
1717 1851 1746 1882 1.

1011 1913 1046 1945 p.
1069 1904 1124 1936 71.
1147 1906 1184 1936 et
1205 1904 1348 1936 Ruhnk.
1378 1905 1424 1936 ad
1438 1939 1439 1945 χ
1453 1905 1599 1938 Terent.
1631 1913 1667 1946 p.
1691 1905 1746 1937 66.

1013 1959 1117 1992 Conf.
1141 1961 1215 1991 not.
1239 1961 1285 1992 ad
1307 1959 1339 2001 1,
1368 1959 1491 2001 8,·13.
1524 1975 1566 1981 —
1597 1958 1644 1992 V.
1669 1958 1747 1992 176.

1013 2015 1119 2048 Goth.
1142 2016 1179 2046 et
1200 2016 1277 2046 Iun.
1300 2013 1335 2046 si
1359 2013 1504 2046 redeat.

1059 2091 1135 2123 178.
1170 2090 1290 2132 Inque
1324 2114 1332 2122 .
1365 2114 1375 2123 .
1411 2089 1536 2133 equis,
1575 2101 1607 2133 q.
1641 2101 1673 2126 e.
1707 2093 1746 2126 et

1012 2145 1230 2187 triumphet.
1272 2146 1392 2179 Etiam
1415 2146 1495 2187 equi
1509 2147 1545 2179 in
1562 2148 1746 2190 triumpho

1012 2201 1180 2233 coronati
1210 2203 1326 2234 erant.
1382 2202 1458 2244 IV,
1491 2202 1538 2244 2,
1577 2203 1631 2235 22.
1670 2203 1742 2246 48.,

1010 2255 1110 2288 Fast.
1133 2256 1200 2297 VI,
1223 2256 1313 2298 726„
1336 2256 1440 2289 Pont.
1462 2258 1512 2300 11,
1537 2257 1571 2300 1,
1594 2259 1647 2292 58.

1131 2330 1173 2357 Te
1190 2337 1309 2365 quoqne
1344 2351 1662 2359 ........

1127 2372 1219 2401 Laeta
1239 2375 1391 2403 coronatis
1406 2375 1501 2404 Roma
1517 2375 1634 2404 videbit
1645 2375 1742 2412 equis.

1011 2441 1194 2484 Fulyeat:
1218 2452 1299 2476 nam
1323 2444 1547 2486 triumphans

1076 2515 1224 2549 Quattuor
1242 2517 1273 2546 in
1290 2518 1388 2548 niveis
1406 2527 1516 2548 aureus
1534 2518 1597 2546 ibat
1609 2519 1738 2555 equis—

1009 2588 1049 2618 ut
1072 2588 1129 2619 est
1151 2588 1231 2619 Art.
1254 2588 1298 2620 A.
1320 2589 1348 2620 1.
1370 2588 1448 2621 214.
1502 2586 1584 2621 Vid.
1607 2587 1682 2620 Tib.
1706 2589 1739 2630 1,

1009 2642 1044 2683 7,
1067 2641 1100 2673 8.
1718 2682 1725 2688 ⁸

1024 2748 1029 2751 ᾖ
1057 2707 1132 2739 179.
1165 2707 1270 2746 Fera
1301 2707 1380 2739 tela
1407 2707 1579 2740 reconde.
1645 2705 1744 2738 Busl.
1774 2713 1801 2732 -·

1012 2764 1050 2795 et
1072 2765 1106 2795 11
1128 2763 1191 2794 alii
1214 2762 1334 2794 Heius.
1357 2771 1508 2804 repone,
1536 2765 1575 2794 ut
1598 2763 1684 2794 Met.
1706 2763 1739 2802 1,

1011 2819 1087 2852 259.
1139 2817 1358 2851 Recondere
1390 2819 1435 2851 de
1465 2816 1549 2850 telis
1570 2819 1607 2850 et
1629 2815 1740 2848 armis
1781 2811 1787 2815 ’
