1846 3146
177 186 276 236 486

420 187 476 236 P.
515 187 739 238 ovum
769 187 1085 260 NASONIS
1121 189 1466 243 TRISTIUM

179 307 407 359 Carmina
442 310 575 374 quod
606 311 756 377 pleno
791 312 964 362 saltari
997 318 1167 362 nostra
1199 303 1408 375 theatra,

1646 316 1713 367 25

162 446 168 457 ¹
250 392 488 442 Versibus
525 399 576 442 et
607 394 779 460 plaudi
811 395 1004 457 scribis,
1040 399 1210 458 amice,
1242 400 1390 449 meis:

178 476 284 536 Nil,
322 476 547 541 equidem
580 478 696 538 feci,
732 484 785 527 tu
819 482 918 528 seis
954 479 1050 528 hoe
1084 482 1208 546 ipse,
1245 480 1465 542 theatri8‚

243 560 390 610 Musa
423 575 517 612 nee
551 563 601 611 in
634 550 837 631 plausus
872 563 1127 613 ambitiosa
1160 578 1268 612 mea
1302 570 1406 625 θείς
1433 549 1436 551 .
1471 615 1474 625 ,

179 644 297 693 Non
331 649 490 694 tamen
523 646 765 709 ingratum
799 651 890 706 est,
930 645 1268 711 quodcumque
1304 646 1496 698 oblivia
1527 650 1683 698 nostri
1736 647 1743 659 ’

244 727 468 793 Impedit,
504 732 555 775 et
587 726 788 797 profugi
821 744 995 779 nomen
1028 731 1078 779 in
1114 746 1201 780 ora
1234 730 1400 781 refert.

244 890 757 895 ————————
777 875 916 911 fugitque

245 921 287 948 Et
304 921 389 949 color
413 922 444 946 et
461 919 597 954 sanguis,
623 919 802 955 animusque
819 921 916 951 relin-

581 965 647 1000 quit
664 968 795 995 euntem.

181 1004 228 1044 x,
251 1003 306 1034 98.

245 1076 288 1104 Et
309 1076 430 1104 bicolor
452 1079 580 1112 myrtus,
605 1078 637 1103 ct
659 1075 762 1103 baccis
794 1076 917 1104 caerula

581 1121 671 1151 tinus.

116 1205 124 1212 ι
182 1157 285 1199 xiv,
308 1157 385 1189 250.

245 1231 295 1258 Ire
312 1215 497 1267 negabamus
521 1235 552 1260 et
575 1211 658 1260 tecta
676 1234 787 1266 negata
804 1231 917 1265 subire,

182 1300 287 1342 Virg.
310 1302 353 1333 A.
377 1302 429 1343 V,
452 1302 529 1334 853.

249 1375 403 1411 Nusquam
429 1377 589 1407 amittebat
615 1377 781 1413 oculosque
805 1379 860 1424 qub
883 1386 919 1407 a·

581 1424 645 1450 stra
663 1424 796 1451 tenebat.

183 1479 267 1511 Vid.
290 1481 333 1512 L.
357 1481 525 1514 Schneid.
548 1482 573 1513 1.
596 1482 637 1524 1.,
660 1483 703 1515 G.
723 1482 917 1515 Hermann.

182 1536 362 1568 Element.
387 1538 514 1569 Doctr.
537 1540 641 1569 metr.
665 1546 699 1578 p.
724 1538 793 1579 40„
811 1534 918 1572 Wei-

183 1593 298 1624 chert.
323 1592 439 1632 Epist.
463 1591 553 1628 oric,
584 1602 619 1633 p.
644 1593 714 1634 73„
737 1594 918 1637 Wagner.
964 1590 977 1599 ”

183 1646 333 1689 Quaest.
364 1648 581 1689 Virg.=X11.
613 1649 651 1680 et
678 1646 786 1681 indic.
816 1647 918 1680 buius

182 1703 268 1736 libri
296 1704 332 1738 in
362 1702 394 1735 it
422 1703 582 1744 syllaba.
629 1701 736 1736 Conf.
767 1701 918 1736 not.'ad

183 1760 270 1791 Her.
293 1759 398 1800 XIV,
421 1759 453 1791 1.
476 1758 574 1791 Gall.
599 1766 620 1790 ο
644 1757 800 1790 utinam.

226 1836 281 1871 24.
315 1835 575 1877 Absit—locis.
620 1837 704 1869 Vid.
724 1838 795 1883 111,
813 1837 850 1878 3,
866 1836 933 1871 61:

181 1900 296 1933 seqq„
319 1893 423 1924 Pont.
448 1893 481 1933 1,
503 1892 540 1933 2,
565 1892 619 1923 60.
646 1894 682 1924 et
699 1894 796 1925 conf.
813 1893 919 1926 Serv-

183 1948 231 1979 ad
252 1947 359 1987 Virg.
383 1948 426 1979 A.
446 1949 514 1989 1V,
533 1948 611 1983 654.
636 1951 674 1980 et
688 1948 817 1981 386.-—
830 1949 919 1989 Reg.

182 2003 225 2035 ut
236 2003 371 2034 tamen.
388 2003 483 2035 Gall.
485 2024 499 2044 ,
509 2004 631 2044 Serv.,
639 2004 752 2044 Busl.,
759 2003 919 2046 Pirckb.,

182 2059 306 2101 Leid.,
334 2056 470 2090 Bersm.
495 2061 533 2091 et
553 2059 633 2091 Rel.
657 2059 752 2090 haec
783 2060 917 2093 tamen.

182 2116 290 2147 Rern.
313 2114 406 2146 haec
429 2122 525 2146 cum.

227 2195 281 2225 25.
318 2188 645 2224 Pleno—theatro.
690 2192 765 2224 Pal.
783 2193 812 2225 l.
828 2191 919 2234 quid

179 2250 306 2290 pleno.
319 2239 398 2280 lun.
408 2247 471 2289 qui
479 2249 604 2288 pleno.
621 2248 722 2280 Vett.
731 2249 810 2281 edd.
822 2249 920 2290 quod

181 2305 325 2337 vestro.
383 2305 485 2347 Lege
516 2312 597 2336 cum
627 2304 792 2337 omnibus
817 2305 920 2338 codd.

181 2360 307 2400 pleno.
354 2359 516 2392 Martial.
538 2361 604 2392 VI.

251 2434 397 2472 Quaeque
420 2437 531 2463 sonant
558 2435 650 2470 pleno
675 2440 829 2470 vocesque
854 2442 919 2463 ma-

586 2486 703 2514 nusque
723 2479 852 2506 theatro.

183 2549 348 2582 saltari.
394 2550 548 2582 Praeter
569 2548 778 2589 tragoedias
798 2550 836 2581 et
855 2557 920 2581 co-

185 2605 346 2637 moedias
370 2606 478 2637 etiam
501 2605 576 2637 alia
600 2604 762 2636 carmina
780 2607 817 2636 et
835 2613 921 2636 car-

184 2661 318 2692 minum
346 2664 473 2702 partes
512 2661 550 2693 in
585 2668 733 2693 scenam
767 2660 922 2702 produci

185 2715 376 2757 solebant,
411 2724 504 2757 quae
537 2724 611 2748 non
647 2720 754 2749 cantu
784 2718 923 2748 tantum

185 2774 226 2804 et
246 2769 390 2814 fidibus,
412 2773 478 2804 sed
501 2771 609 2804 etiam
631 2771 830 2804 saltatione
853 2778 922 2802 ex-

182 2828 445 2871 primebantur.
487 2826 573 2860 ‚Vid.
596 2828 670 2858 not.
694 2827 740 2858 ad
759 2827 810 2867 11,
830 2826 921 2866 519„

186 2883 356 2925 Scaliger
386 2883 487 2915 Poet.
515 2884 542 2914 1.
568 2891 597 2915 c.
623 2883 676 2915 18.
701 2885 739 2915 et
760 2880 814 2912 21.
859 2880 936 2930 Sic!

1647 730 1715 781 30

983 880 1084 914 Nero
1118 881 1268 922 Virgilii
1299 883 1459 917 Turnum
1487 889 1530 914 se
1557 881 1716 929 saltatu·-

984 944 1062 968 rum
1086 937 1206 979 vovit,
1229 939 1325 978 apud
1347 938 1447 972 Suet.
1490 939 1578 973 Ner.
1603 939 1716 981 c.54.,

984 998 1007 1022 a
1029 999 1100 1032 quo
1120 992 1227 1025 etiam
1244 992 1388 1034 Canace
1406 995 1612 1035 parturiens
1625 1003 1717 1027 can-

985 1049 1062 1079 tata
1085 1050 1152 1080 est.
1206 1050 1304 1082 Suet.
1338 1049 1426 1083 Ner.
1457 1058 1488 1082 0.
1517 1050 1571 1082 21.
1624 1051 1717 1084 Nam

985 1103 1029 1134 de
1059 1104 1190 1135 Medea
1221 1105 1413 1145 tragoedia
1440 1106 1595 1138 Nasonis
1622 1107 1718 1139 bunc

983 1159 1107 1191 locum
1129 1167 1202 1191 non
1224 1159 1500 1202 intelligendum
1526 1169 1622 1204 esse,
1651 1170 1717 1195 ar-

983 1216 1109 1256 guitur
1132 1214 1198 1247 illo
1215 1214 1375 1255 saltari,-
1388 1217 1600 1257 tragoediae
1623 1217 1716 1251 enim

985 1271 1204 1312 agebantur,
1233 1278 1306 1303 non
1335 1271 1566 1304 saltabantur
1595 1280 1619 1304 a
1648 1273 1718 1305 mi-

985 1327 1069 1368 mis3
1094 1327 1132 1362 et
1160 1334 1249 1358 sane
1280 1325 1503 1361 etiamfflis:
1533 1325 1589 1361 nil
1611 1325 1719 1371 equi-

986 1381 1070 1414 dem
1095 1380 1190 1423 feci,
1222 1382 1262 1413 tu
1290 1381 1366 1414 scis
1394 1381 1467 1416 hoe
1495 1381 1588 1424 ipse,
1605 1382 1718 1427 *thea-

987 1436 1081 1475 tris,
1114 1446 1194 1470 cum
1223 1438 1447 1480 tragoediam
1484 1428 1585 1472 illam
1614 1447 1719 1481 quam

985 1493 1139 1525 maxime
1151 1494 1310 1526 theatris(
1312 1501 1394 1525 sese
1400 1492 1532 1525 fecisse
1545 1493 1624 1537 ipse
1635 1493 1717 1527 dix-

986 1550 1058 1582 erit
1080 1551 1131 1592 11,
1141 1551 1218 1583 503.
1249 1549 1513 1590 intelligendae
1529 1550 1614 1581 sunt
1630 1556 1718 1588 par-

987 1606 1042 1637 tes
1066 1605 1166 1637 Artis
1189 1605 1406 1646 amatoriae,
1437 1608 1478 1637 ut
1500 1612 1547 1636 ex
1557 1605 1620 1649 ΙΙΙ,
1641 1603 1718 1635 519.

984 1660 1121 1701 liquido
1149 1662 1317 1702 apparet.
1368 1660 1416 1691 V.
1438 1660 1492 1691 26.
1522 1659 1624 1692 Leid.
1646 1666 1718 1702 ap·-

983 1715 1132 1758 plaude'.
1174 1716 1221 1749 V.
1242 1716 1297 1748 27.
1332 1716 1422 1756 Reg.
1444 1713 1520 1747 scis
1540 1714 1644 1748 baec.

1031 1793 1085 1827 28.
1119 1791 1332 1825 Musa-in
1359 1792 1520 1832 plausus
1543 1790 1719 1833 ambitio-

989 1857 1046 1880 sa.
1091 1848 1142 1880 Iu
1164 1849 1270 1880 finem
1294 1848 1475 1890 declarat,
1492 1850 1532 1880 ut
1545 1846 1721 1880 eoecitare

987 1902 1027 1935 in
1050 1904 1183 1936 laudes
1203 1905 1310 1946 Virg.
1333 1906 1375 1940 A.
1399 1906 1451 1946 11,
1474 1904 1565 1946 ⁷28„
1582 1902 1623 1947 ¹⁹²⁸„
1632 1902 1719 1935 bir-

989 1960 1089 1993 tutes
1112 1961 1195 1992 ibid.
1218 1962 1287 2002 111,
1316 1960 1407 2001 342„
1428 1959 1542 1991 natus
1562 1958 1604 1991 in
1623 1951 1719 1999 im-

987 2014 1093 2048 iurt'a
1129 2018 1277 2053 Metam.
1307 2016 1416 2058 XIV,
1446 2016 1515 2056 99„
1559 2015 1720 2047 hederas

986 2072 1111 2112 leyere
1134 2071 1172 2103 in
1197 2073 1347 2111 thyrsos
1369 2073 1478 2112 Prop.
1501 2073 1571 2113 111,
1593 2072 1630 2112 2,
1649 2072 1719 2114 85„

982 2126 1101 2170 fiyere
1120 2125 1161 2157 in
1183 2127 1274 2158 vota
1295 2128 1381 2159 Her.
1404 2126 1625 2169 Iv,‘1e.,ubi
1644 2127 1718 2160 vid.

986 2184 1061 2213 not.
1084 2199 1129 2204 -—
1152 2182 1227 2215 Pal.
1254 2181 1284 2214 1.
1309 2185 1347 2215 et
1368 2183 1416 2224 2.‚
1440 2182 1563 2224 Goth„
1579 2182 1658 2215 1²01.
1673 2182 1721 2223 1.,

987 2239 1091 2279 Iun.„
1112 2238 1235 2279 Leid.,
1270 2236 1436 2278 Pii-eka,
1470 2237 1571 2280 Put.,
1601 2239 1721 2282 Gall„

986 2294 1098 2334 Mor„
1122 2294 1234 2336 Busl.,
1258 2294 1328 2326 ΧΠ
1351 2293 1414 2325 alii
1430 2293 1566 2335 Heius„
1589 2297 1644 2329 ed.
1665 2305 1720 2337 pr.

988 2352 1024 2381 et
1048 2350 1103 2380 ed.
1127 2350 1277 2391 Bonon„
1304 2350 1448 2390 Dresd.,
1471 2349 1549 2381 Bel.
1574 2357 1596 2382 a
1621 2349 1650 2381 1.
1675 2359 1719 2383 m.

988 2408 1025 2436 et
1050 2405 1160 2438 Crev.
1185 2413 1252 2436 nec
1281 2405 1339 2436 est
1357 2405 1483 2447 plaus.
1505 2403 1601 2436 amb.
1623 2412 1718 2436 mea.

987 2460 1066 2492 Rel.
1081 2468 1149 2500 pro
1164 2470 1197 2491 v.
1212 2469 1286 2493 scr.
1298 2463 1334 2492 et
1349 2462 1453 2492 Bern.
1472 2458 1591 2491 necin
1601 2459 1720 2499 plau-

987 2524 1041 2547 su.
1085 2516 1227 2557 Berol.,
1250 2517 1350 2557 Iun.,
1372 2515 1472 2548 Leid.
1497 2517 1534 2547 et
1557 2516 1640 2557 seg.
1665 2516 1722 2547 est

988 2571 1167 2603 omittunt.
1190 2572 1278 2605 Exc.
1291 2572 1400 2604 Voss.
1419 2564 1720 2613 ambitiosafuit.

1031 2649 1085 2681 29.
1118 2649 1212 2690 Put„
1235 2651 1348 2690 Mor„
1371 2650 1448 2682 Iun.
1478 2650 1516 2680 ct
1538 2648 1630 2680 alius
1653 2654 1722 2679 nec

990 2705 1126 2736 tamen.
1195 2703 1301 2736 Cous.
1330 2707 1403 2736 not.
1429 2705 1475 2736 ad
1497 2704 1548 2745 11,
1581 2703 1655 2736 18³.
1677 2719 1722 2726 -

989 2761 1095 2793 Goth.
1116 2759 1294 2801 iynotum.
1330 2760 1439 2792 Serv.
1452 2762 1489 2791 et
1508 2757 1651 2790 Pirckb.
1666 2758 1723 2789 est

989 2816 1166 2847 omittunt.
1212 2816 1340 2848 Dresd.
1365 2815 1510 2847 nostra.

1033 2882 1086 2913 30.
1122 2881 1169 2913 In
1202 2890 1274 2913 ora
1306 2881 1442 2922 refert,
1475 2880 1511 2912 in
1535 2887 1722 2913 sermones
