1846 3146
177 189 278 240 396

419 189 477 241 Ρ.
513 188 747 245 ovlml
767 188 1087 242 NASONIS
1123 189 1468 244 TRISTIUM

181 311 331 363 Urbis
366 311 508 368 abest
531 312 716 375 facies,
750 313 942 375 absunt,
973 308 1090 364 mea.
1116 328 1249 375 cura,
1292 314 1534 376 sodales,-

1646 315 1711 364 45

243 395 327 456 Et,
363 412 457 461 qua
489 396 627 450 nulla
660 396 777 445 mihi
809 399 986 458 cai-ior,
1020 412 1148 448 uxor
1180 397 1346 459 abest3

182 477 382 544 Vulgus
418 478 561 534 adest
595 478 882 546 Scythicum
915 480 1242 546 braccataque
1275 479 1418 531 turba
1453 478 1712 529 Getarum:

248 561 340 615 Sic
372 562 500 618 mala
534 577 659 628 quae
692 562 845 613 video
879 579 978 613 non
1011 562 1261 628 videoque
1294 567 1488 613 nocent.

179 645 292 697 Una
324 650 484 695 tamen
518 660 635 712 spes
669 651 761 707 est,
798 661 923 712 quae
956 661 1032 696 me
1065 645 1254 695 solatur
1285 648 1338 695 in
1370 647 1506 696 istis=

243 728 387 780 Haec
419 727 531 779 fore
561 733 718 779 morte
750 745 858 779 mea
890 744 989 779 non
1024 727 1251 783 diuturna
1283 728 1425 779 mala.

221 876 276 913 4³.
309 878 401 912 Mea
422 887 531 913 cura.
579 880 686 915 conf.
701 882 751 923 11,
770 881 801 914 1.
834 880 915 915 Ab-

180 935 240 968 est
262 936 300 968 et
329 935 438 968 adest
466 945 501 968 v.
527 935 580 969 47.
606 939 847 978 opponuntur.
870 955 915 963 —

178 992 286 1024 Bern.
308 991 454 1025 desunt.
501 990 607 1025 Couf.
631 993 701 1034 111,
723 992 760 1034 4,
786 993 840 1025 53.

223 1068 279 1102 46.
312 1068 367 1102 Et
398 1076 474 1111 qua
501 1070 611 1101 nulla
643 1067 734 1102 mihi
769 1069 915 1103 carior.

179 1123 286 1160 Gonf.
308 1125 360 1168 v,
382 1125 439 1168 14,
463 1125 511 1168 2.,
535 1126 605 1167 111,
629 1126 665 1167 3,
690 1124 758 1167 15,
782 1126 854 1168 111,
876 1126 912 1167 9,

182 1180 254 1224 10.,
276 1182 309 1222 1,
332 1181 364 1214 6.

225 1257 280 1290 47.
315 1257 648 1300 Braccataque
681 1256 796 1290 turba
833 1264 914 1289 cum

181 1312 346 1347 acumine
369 1312 504 1346 dictum
526 1315 598 1356 est,
615 1314 656 1346 ut
675 1312 809 1345 dicitur
822 1319 914 1354 qens

180 1369 326 1412 τομαῖα.
371 1369 426 1402 De
448 1368 593 1406 braccis
617 1369 750 1402 dictum
772 1369 819 1400 ad
842 1369 913 1410 111,

180 1426 247 1469 11,
285 1425 338 1459 19.
405 1426 507 1458 Vett.
536 1425 617 1456 edd.
646 1423 914 1465 bacchataque.

181 1481 303 1515 Guelf.
333 1480 604 1522 brachataque.
660 1480 738 1512 Pal.
764 1479 795 1512 1.
821 1479 914 1512 bra-

179 1534 391 1579 chiataqne.
435 1537 526 1578 Reg.
551 1535 797 1578 turbataque.

226 1624 281 1658 48.
315 1622 381 1656 Sic
413 1624 520 1656 mala
549 1631 644 1666 quae
675 1624 744 1656 etc.
803 1625 915 1667 Mon,

181 1680 283 1714 Leid.
307 1682 345 1712 et
366 1682 455 1713 vett.
479 1681 575 1723 edd.,
593 1682 743 1721 praeter
761 1681 915 1722 Bonon.,

180 1735 237 1769 sic
257 1736 533 1768 me—-movent,
578 1737 615 1768 11
626 1735 748 1768 Heius.
764 1733 820 1766 sic
829 1743 914 1767 ma-

181 1792 263 1824 la-
283 1791 442 1824 movent.
508 1790 651 1833 Reliqui
695 1799 819 1824 omues
859 1789 916 1823 sic

180 1847 286 1879 mala
307 1847 460 1890 nocent,
489 1847 558 1880 nisi
587 1848 682 1888 quod
704 1847 781 1879 Pal.
805 1846 837 1880 1.
858 1844 916 1879 sic

180 1910 240 1936 me
267 1903 414 1935 nocent.
470 1902 638 1936 Heinsius
671 1904 794 1935 notat:
826 1903 916 1945 „Au

180 1958 282 1991 urbis
321 1958 454 1990 faciem
491 1960 530 1990 et
564 1958 711 1991 sodales
747 1959 916 1991 absentes

179 2022 250 2055 pro
262 2014 361 2046 malo
374 2009 566 2046 numerat?
588 2014 670 2047 Non
682 2015 782 2055 puto.
811 2013 916 2046 Scri-

179 2070 228 2102 be
249 2069 349 2101 male
371 2067 545 2101 nocent.“
586 2069 658 2101 Sed
681 2068 916 2100 Heinsianum

180 2126 281 2158 male
303 2127 453 2166 praeter
482 2125 577 2166 quod
606 2124 750 2165 omuino
779 2124 915 2155 nullam

184 2181 442 2215 auctoritatem
473 2180 638 2215 codicum
670 2179 805 2222 habet,
831 2178 916 2212 mihi

980 879 1089 913 etiam
1121 880 1206 914 ideo
1241 887 1315 914 nou
1349 887 1477 922 parum
1505 879 1714 921 suspectum

980 938 1052 979 est,
1075 938 1170 978 quod
1190 937 1297 968 mala
1325 937 1422 978 apud
1452 935 1616 970 Ovidium
1640 938 1713 969 tam

979 999 1093 1033 saepe
1120 992 1158 1024 in
1185 992 1285 1023 male
1314 991 1490 1033 corrupit.
1548 991 1632 1024 vid.
1661 991 1712 1032 V,

980 1047 1017 1090 7,
1039 1047 1110 1090 49.,
1132 1048 1231 1081 Fast.
1243 1048 1292 1090 11,
1307 1047 1383 1080 170.
1427 1045 1599 1088 Accedit,
1617 1046 1713 1087 quod

980 1101 1050 1133 hoc
1072 1102 1158 1135 loco
1181 1103 1261 1136 fere
1279 1102 1492 1135 abundaret.
1532 1100 1622 1134 Mihi
1643 1107 1712 1132 ve-

979 1164 1059 1189 rum
1081 1157 1227 1191 videtur
1249 1158 1363 1190 mala.
1414 1157 1593 1190 Novimus
1619 1156 1712 1189 enim

979 1211 1162 1245 Nasonem
1184 1213 1351 1246 acumina
1379 1214 1530 1254 captare
1552 1214 1591 1245 et
1614 1212 1713 1245 anti-

981 1266 1091 1299 theta.
1137 1267 1232 1300 Hinc
1255 1268 1455 1300 absentiam
1477 1266 1656 1300 sodalium
1677 1268 1716 1300 et

980 1322 1081 1354 urbis
1105 1321 1240 1355 absens
1261 1324 1393 1356 malum
1414 1323 1494 1357 sive
1516 1323 1621 1366 quod,
1637 1329 1714 1355 non

982 1376 1112 1411 videat
1144 1378 1246 1422 dicit,
1269 1380 1308 1412 ut
1329 1378 1572 1421 praesentiam
1595 1372 1713 1412 Geta-

981 1443 1061 1468 rum
1084 1441 1152 1476 per
1173 1434 1366 1467 antithesin
1381 1441 1569 1475 praesens
1581 1432 1714 1480 malum

980 1489 1061 1524 sive
1082 1489 1184 1532 quod
1204 1487 1333 1522 videat
1355 1490 1529 1532 appellet.

1025 1567 1080 1601 49.
1114 1567 1216 1608 Quae
1246 1574 1306 1599 me
1336 1567 1499 1601 solatur.
1554 1568 1632 1600 Pal.
1662 1568 1714 1609 2.,

981 1624 1098 1665 Beg..,
1121 1623 1232 1666 Gall„
1255 1624 1377 1665 serv„
1399 1625 1500 1665 qu.,
1521 1621 1639 1664 Leid.,
1660 1624 1713 1654 XI

982 1679 1047 1712 alii
1074 1679 1220 1722 Heius„
1250 1678 1395 1720 auem,
1431 1679 1534 1720 Bel„
1567 1679 1623 1710 ed.
1658 1686 1715 1719 pr.

982 1733 1106 1767 Heius.
1129 1737 1167 1767 et
1189 1735 1246 1767 ed.
1268 1735 1406 1767 Bonon.
1426 1732 1585 1765 soletur.
1636 1733 1714 1764 Re-

980 1790 1071 1832 liqui
1091 1791 1220 1833 scripti
1244 1792 1282 1823 et
1304 1790 1390 1822 editi
1412 1796 1537 1829 omnes
1551 1788 1714 1821 solatur.

982 1845 1227 1889 Indicativus,
1260 1854 1331 1888 quo
1362 1852 1424 1878 τω
1451 1853 1521 1885 pro
1545 1845 1650 1876 certa
1671 1850 1714 1875 e-

982 1901 1171 1934 nuntiatur
1207 1903 1271 1934 aut
1304 1901 1415 1933 colon
1446 1899 1538 1932 illud
1576 1906 1714 1937 merum

983 1957 1202 1990 adiectivum
1225 1957 1398 1999 efficitur,
1419 1955 1504 1988 huic
1531 1950 1616 1995 loco
1646 1962 1715 1987 ac-

984 2013 1245 2046 commodatior
1274 2013 1340 2044 aet.
1395 2011 1565 2044 Heinsius
1586 2010 1655 2043 sibi
1674 2009 1713 2047 in

981 2068 1108 2109 pravis
1130 2075 1242 2110 saepe
1265 2069 1437 2101 constans
1458 2066 1600 2100 induxit
1621 2069 1713 2098 con-

981 2124 1189 2156 iunctivum.
1213 2134 1216 2137 ⁴
1244 2123 1328 2156 Vid.
1350 2124 1428 2157 not.
1450 2123 1498 2156 ad
1527 2123 1598 2165 111,
1620 2122 1659 2163 3,
1680 2122 1714 2154 6.

979 2179 1077 2212 Busl·
1099 2177 1139 2211 in
1160 2177 1249 2211 illis.
