1846 3146
166 163 266 213 216

408 159 466 210 P.
503 158 728 211 0V1D11
762 155 1082 210 NASONIS
1117 154 1461 208 TRISTIUM

165 285 315 335 Alter
346 283 561 343 humum,
599 281 662 331 de
698 297 793 347 qua
825 281 1069 346 fingantur
1100 278 1297 348 pocula,
1334 280 1586 340 monstrat,

232 367 467 431 Quaeque
504 365 652 415 docet
683 363 873 430 liquido
908 369 1037 413 testa
1068 365 1134 412 sit
1167 366 1281 430 apta
1313 377 1462 412 mero.

1604 357 1705 409 490
1724 337 1727 340 ’

167 451 316 515 Talia
349 450 542 499 fumoso
577 447 1010 498 ludunturmense
1042 446 1331 508 Decembri3

144 531 150 539 “
236 535 375 595 Quae
411 532 586 582 damno
621 531 746 581 nulli
780 531 1114 597 composuisse
1148 529 1256 578 fuit.

170 619 265 670 His
299 632 395 682 ego
433 615 671 683 deceptus
705 621 803 664 no'n
836 615 998 662 tristia
1031 597 1243 663 carmina
1275 609 1403 673 feci'3

241 700 351 752 Sed
384 701 539 749 tristis
571 703 768 749 nostros
801 712 963 765 poena
995 699 1166 745 secuta
1199 696 1353 745 iocos.

175 870 299 911 Goth„
343 866 453 902 Crev.
476 869 515 900 et
537 868 592 900 ed.
616 867 752 899 Bonon.
780 861 910 901 causa.

175 927 314 967 —Ipse
326 925 474 959 Ovidius
498 924 590 956 idem
614 922 758 955 fecerat
774 922 911 954 incar-

176 983 270 1017 mine
293 990 361 1025 suo
384 982 429 1012 de
440 978 680 1013 Medicamine
695 977 821 1019 faciei,
845 984 912 1009 cu-

177 1039 233 1072 lus
257 1038 500 1080 fragmentum
521 1036 701 1077 superest.

221 1139 299 1172 488.
333 1136 407 1170 Hic
419 1134 541 1178 epulis
552 1136 663 1177 leges.
708 1134 800 1178 Quid
819 1135 914 1177 poe-

179 1197 219 1228 ta
253 1196 292 1227 ln
325 1194 444 1226 animo
479 1192 635 1239 habeat,
681 1199 756 1224 non
788 1192 914 1233 liquet.

179 1249 400 1292 Epularum
438 1249 538 1289 leyes
576 1247 734 1289 intelligi
765 1249 917 1287 possent

180 1303 508 1352 Hedyphayetica,
558 1302 680 1344 qualia
723 1302 918 1343 scripsisse

180 1361 335 1397 Ennium
369 1360 484 1393 tradit
506 1359 715 1403 igthenaeus
749 1358 847 1393 VIII.
880 1358 918 1390 et

183 1419 268 1459 111.,
298 1417 336 1449 in
359 1416 485 1456 quibus
515 1414 751 1455 expresserat
772 1412 918 1445 Arche-

182 1473 338 1506 stratum
373 1471 580 1514 Graecum,
625 1469 666 1500 ut
681 1466 830 1509 hoctor
863 1469 920 1500 est

185 1527 373 1569 Apuleius,
418 1528 645 1560 Burmannus
666 1524 840 1565 intelligit
862 1524 919 1556 le:

183 1591 249 1626 yes
273 1582 433 1624 bibendi,
457 1588 545 1622 quas
567 1580 606 1612 in
627 1578 746 1620 epulis
769 1580 807 1610 et
829 1586 922 1610 con-

185 1639 293 1673 viviis
315 1638 517 1680 hospitibus
541 1638 579 1669 et
598 1633 765 1669 convivis
783 1633 923 1666 diceret

185 1696 352 1729 dominus
395 1695 476 1727 slve
510 1691 696 1734 -magister
748 1688 925 1730 convivii,

185 1754 290 1784 sorte
323 1750 508 1790 delectus3
556 1748 602 1779 de
636 1753 705 1787 qua
738 1752 781 1777 re
804 1744 924 1777 omnia

189 1807 377 1839 notissima
405 1807 491 1837 sunt
519 1811 566 1836 ex
587 1801 765 1842 Horatio,
797 1799 857 1841 qui
879 1806 924 1831 e-

189 1861 276 1898 tiam
305 1862 405 1902 leyes
431 1860 468 1893 in
502 1860 627 1890 eadem
656 1865 699 1890 re
736 1856 824 1893 dixit
846 1857 922 1890 Sat.

166 1920 242 1961 ·11,
261 1918 297 1959 6,
321 1917 375 1951 69.
430 1914 515 1948 Vid.
546 1913 735 1948 Heindorf.
767 1914 814 1948 ad
836 1914 925 1947 Hor.

190 1975 269 2011 Sat.
289 1975 341 2016 ΙΙ,
363 1973 400 2015 2,
424 1971 499 2008 123.

237 2064 316 2099 490,
355 2063 489 2096 Franc.
533 2058 680 2096 docent.
757 2057 834 2090 Pal.
879 2057 928 2098 2.,

195 2121 333 2160 Bel-sm.
366 2119 405 2150 et
440 2118 476 2149 11
523 2116 587 2148 alii
622 2114 744 2150 Heins.
781 2114 929 2146 decens.

195 2177 275 2209 Iun.
298 2173 430 2207 medio.
486 2174 565 2207 Duo
594 2169 727 2204 nitido.
789 2168 867 2201 Pal.
898 2166 929 2202 1.

197 2237 366 2278 quaeque
387 2228 478 2265 date
501 2225 652 2270 liquide.

242 2306 321 2340 491.
351 2304 499 2348 „Talia
528 2304 691 2337 carmina
721 2313 789 2351 per
811 2304 932 2337 iocum

202 2365 468 2404 componuntur
486 2370 609 2394 mense
622 2359 815 2394 Decembri
822 2356 866 2400 ;“
878 2367 931 2391 sc.

200 2428 271 2461 quo
285 2418 497 2451 Saturnalia
506 2417 802 2457 celebrabantur,
815 2416 852 2447 et
862 2414 932 2447 im-

200 2475 356 2507 munitas
370 2482 393 2506 a
407 2473 614 2506 muneribus
626 2472 780 2514 publicis
790 2474 933 2503 etsum-

203 2538 264 2563 ma
295 2532 332 2563 in
367 2530 463 2562 omni
497 2538 635 2572 genere
665 2529 818 2561 libertas
841 2527 934 2558 erat.

204 2588 304 2622 suet.
329 2586 408 2619 Oct.
433 2596 464 2620 c.
488 2587 543 2619 71.
593 2585 711 2621 Aleae
743 2587 964 2616 rumorem-

205 2644 312 2675 nullo
334 2643 445 2675 modo
470 2641 646 2683 expavi&
669 2639 832 2681 lusitque
845 2637 938 2669 sim-

204 2700 362 2754 pliciter
414 2700 452 2732 et
498 2699 633 2745 palam
679 2691 941 2728 oblectamenti

207 2764 357 2797 caussa,
382 2755 495 2787 etiam
518 2762 655 2786 seneoe:
690 2761 737 2785 ac
756 2749 939 2792 praeter-

207 2821 321 2855 quam
344 2810 532 2844 decembri
558 2817 694 2849 mense,
724 2804 813 2839 aliis
843 2812 938 2846 quo-

209 2877 280 2914 que
300 2867 413 2911 festis
442 2864 698 2908 profestisque
726 2861 865 2895 diebus.
893 2876 937 2883 -

202 2957 256 2979 „-

976 864 1060 898 vid.
1083 862 1252 898 Macron.
1274 862 1421 896 saturn.
1444 862 1472 893 1.
1495 868 1527 893 c.
1548 859 1632 892 zet
1646 835 1716 901 ια,

978 921 1077 961 Lips.
1101 920 1248 952 Satur-n.
1270 920 1299 952 1.
1314 927 1355 952 c.
1377 919 1456 951 2-—
1469 917 1517 960 4.,
1547 914 1723 966 Εειὶη-ειιιίἱ

979 976 1149 1016 Inscript.
1173 983 1206 1009 c.
1229 976 1262 1008 6.
1285 983 1320 1016 p.
1343 973 1420 1007 482.

1027 1043 1210 1083 Fumoso,
1239 1041 1285 1073 ab
1309 1040 1394 1082 igne
1417 1032 1464 1070 aa
1494 1037 1612 1080 frigus
1634 1036 1719 1079 pel-

980 1098 1127 1131 lendum
1156 1097 1318 1129 incenso.
1376 1091 1624 1128 Decembri
1652 1100 1717 1125 re-

981 1155 1186 1196 posuimns3
1210 1151 1265 1184 sic
1288 1150 1381 1186 enim
1405 1156 1530 1182 omnes
1553 1148 1658 1180 codd.
1679 1148 1719 1179 et

983 1211 1074 1242 vett.
1098 1209 1200 1250 edd.,
1232 1206 1302 1239 ulsi
1324 1206 1419 1247 quod
1441 1205 1590 1238 Medon.
1614 1204 1652 1235 et
1674 1210 1719 1234 a-

982 1264 1054 1297 lius
1099 1263 1223 1296 Heius.
1256 1259 1499 1301 Decembris,
1553 1259 1649 1301 quod
1674 1258 1721 1291 ab

983 1320 1156 1362 Heinsio,
1187 1320 1228 1351 ut
1249 1319 1288 1359 1,
1319 1316 1377 1359 11,
1401 1317 1432 1348 3.
1441 1338 1456 1359 ,
1478 1313 1634 1356 primum
1655 1310 1722 1346 re-‘

985 1378 1133 1415 ceptum
1155 1382 1251 1406 nunc
1274 1373 1354 1405 fere
1376 1380 1446 1413 pro
1468 1370 1624 1411 vulgata
1652 1370 1722 1413 est.

983 1431 1083 1462 Idem
1112 1428 1279 1461 Heinsius
1309 1436 1356 1460 ex
1384 1435 1456 1459 uno
1488 1426 1595 1459 Barb.
1625 1425 1730 1471 dedit-

982 1483 1146 1527 fumosi,
1191 1484 1287 1524 quod
1333 1482 1441 1515 etiam
1484 1481 1566 1513 Bel.
1601 1480 1722 1512 habet.

986 1541 1151 1580 Denique
1173 1538 1358 1580 Heinsius,
1381 1537 1564 1569 variantia
1591 1536 1724 1576 ubique

988 1595 1117 1636 cupide
1152 1594 1355 1636 arripiens,
1397 1591 1490 1635 sum.
1524 1589 1724 1631 luduntur,

991 1659 1072 1683 cum
1111 1649 1231 1691 prima
1258 1656 1326 1681 sua
1354 1649 1410 1680 ed.
1440 1649 1479 1679 et
1500 1645 1727 1687 paucissimis

991 1706 1097 1740 codd.
1117 1719 1166 1729 ·-·
1187 1702 1335 1750 Merkel
1357 1702 1524 1744 scripsit:

1060 1791 1147 1820 Talia
1163 1789 1310 1822 luduntur
1333 1787 1452 1862 ῐιιιιὲιξο
1465 1794 1580 1824 mense,
1597 1787 1728 1819 Decem-

1408 1840 1446 1861 η.
1588 1839 1598 1848 .

992 1911 1105 1946 Male.
1150 1908 1234 1944 Vid.
1258 1907 1305 1940 ad
1326 1907 1359 1950 Ι,
1383 1905 1441 1948 11,
1463 1905 1507 1945 8.,

1037 1998 1115 2031 492.
1152 1996 1268 2037 Quae·
1289 1995 1428 2028 damno
1457 1991 1557 2026 nulli
1588 2000 1620 2026 c.
1640 1989 1729 2035 fuit.

995 2054 1059 2087 Sic
1086 2055 1172 2086 Vat.
1206 2053 1237 2085 1.
1251 2073 1264 2094 ,
1289 2052 1434 2093 auem,
1467 2052 1620 2092 Bersm.,
1652 2048 1731 2080 Pal.

996 2111 1045 2151 2.,
1069 2109 1190 2150 Gall„
1226 2107 1327 2140 Leid.
1337 2127 1352 2148 ,
1375 2107 1472 2138 Mor.
1487 2114 1557 2146 pro
1580 2109 1620 2138 ν.
1640 2113 1731 2147 sen,

985 2164 1034 2196 -v
1063 2164 1126 2195 alii
1159 2164 1280 2196 nefins.
1314 2156 1352 2195 et
1384 2162 1543 2194 eiusdem
1571 2162 1627 2193 ed.
1658 2169 1732 2202 pn,

998 2219 1140 2252 Bel..et
1163 2218 1271 2251 Goth.
1295 2234 1339 2241 —
1360 2216 1505 2257 Reliqui
1528 2214 1673 2247 codices
1696 2216 1736 2247 et

999 2278 1089 2311 vett.
1114 2275 1193 2307 edd.
1217 2281 1311 2315 meae
1333 2271 1411 2304 iam
1433 2279 1508 2303 non
1532 2270 1605 2303 ulli
1629 2278 1734 2302 com-

999 2328 1172 2372 posuisse
1203 2328 1335 2370 nocet,
1377 2334 1467 2368 quae
1496 2326 1682 2367 scriptura
1711 2333 1735 2358 a
1760 2359 1761 2365 ,

1000 2385 1246 2427 grammaticis
1275 2384 1426 2415 inventa
1459 2390 1542 2415 esse
1570 2382 1733 2422 videtur,

1001 2444 1041 2476 ut
1065 2445 1203 2482 tempus
1223 2439 1328 2472 verbi
1341 2439 1498 2480 tempori
1509 2438 1735 2479 reliquorum

1000 2498 1198 2534 verborum
1220 2496 1570 2528 accommodaretur.
1610 2492 1733 2537 Berol.

1001 2562 1077 2585 non
1097 2551 1199 2586 ullis.
1246 2553 1353 2584 Bern.
1378 2549 1486 2592 quod.
1531 2549 1638 2581 serv.
1663 2555 1736 2578 no-

1004 2610 1100 2641 cent.
1152 2608 1299 2641 Pirckh.
1323 2606 1444 2641 docet.
1487 2606 1587 2638 Unus
1612 2602 1736 2636 Heins-

1005 2674 1125 2707 comp.
1149 2665 1250 2698 licet.

1050 2745 1126 2777 493.
1162 2743 1251 2775 Non
1275 2739 1406 2774 tristia
1427 2741 1466 2772 et
1487 2736 1612 2771 tristis
1646 2743 1737 2768 ver-

984 2813 986 2815 *
1006 2808 1049 2832 su
1072 2800 1150 2832 494.
1172 2798 1248 2844 δ5ἰὶιὶ
1277 2798 1519 2840 opponuntur.
1575 2793 1680 2828 conf.
1703 2801 1740 2827 v.

1005 2856 1081 2890 241.
1105 2858 1142 2888 et
1164 2855 1241 2888 242.
