1846 3146
222 192 279 226 1v
756 178 1179 247 PRAEFATIO..
1212 144 1215 149 ‘

152 296 154 300 ’
222 299 401 347 eximia
445 298 649 364 quadam
694 299 947 352 doctrinae
989 303 1133 368 copia
1175 305 1226 351 et
1259 301 1507 367 elegantia
1539 305 1746 355 niteant:

222 386 380 430 tamen
416 381 516 431 dici
552 385 643 432 vix
673 390 860 450 potest,
905 402 1042 450 quam
1077 386 1253 434 misere
1287 385 1435 435 iidem
1474 387 1747 438 innumera-

222 464 405 514 bilibus
449 465 558 514 fere
603 467 654 514 in
698 466 826 516 locis
867 474 1061 534 poetam
1106 467 1448 534 depravarInt‚
1507 474 1652 536 atque
1698 472 1750 520 in

221 550 509 614 scripturam
534 550 891 614 integerrimam
925 556 975 600 et
1004 551 1414 615 elegantissimam
1449 556 1500 600 et
1533 554 1748 601 auctori*

219 635 322 680 tate
373 633 656 697 optimorum
719 638 936 682 veterum
999 633 1231 683 librorum
1281 633 1605 683 confirmatam
1653 636 1752 683 sint

220 715 446 778 grassati.
536 713 654 763 Fuit
706 718 831 764 enim
874 717 939 765 N.
987 717 1195 767 Heinsio
1247 733 1473 766 summum
1533 725 1750 778 acumen,

220 796 401 845 subtile
436 796 682 862 multaque
699 804 950 864 poetarum
976 800 1191 850 lectione
1217 799 1484 866 'expolitum
1502 799 1747 860 iudicium,

182 912 187 915 -
218 895 394 944 magna
430 878 677 941 doctrina,
713 883 888 946 iugens
930 898 1078 949 porro
1114 883 1438 932 subsidiorum
1473 884 1751 933 criticorum
1790 903 1798 915 ⁵

221 967 508 1029 apparatus:
552 968 606 1011 ut
639 963 770 1012 haud
803 964 956 1014 facile
992 968 1099 1031 quis
1132 967 1222 1015 illa
1258 965 1449 1031 quidem
1489 970 1651 1014 aetate
1685 964 1749 1014 ad

218 1053 413 1114 poetam
464 1053 684 1096 veterem
733 1047 970 1112 quendam
1022 1048 1324 1097 tractandum
1367 1054 1418 1098 et
1458 1050 1656 1113 ingenio
1702 1052 1752 1097 et

220 1129 498 1179 eruditione
533 1134 582 1178 et
626 1132 782 1195 copiis
826 1133 1042 1180 ornatior
1075 1136 1220 1196 atque
1261 1133 1544 1181 instructior
1575 1145 1750 1180 acces-

218 1216 297 1262 rit.
347 1212 532 1262 Verum
553 1211 710 1261 defuit
743 1215 855 1263 viro
883 1216 1088 1279 egregIO
1121 1216 1472 1281 circumspecta
1489 1214 1592 1274 illa,
1627 1227 1752 1278 quae
1806 1268 1814 1274 ,

220 1299 395 1347 critico
443 1298 634 1345 omnino
680 1310 793 1344 esse
829 1296 991 1357 debet,
1037 1299 1198 1346 cautio
1241 1312 1324 1357 ac,
1374 1295 1505 1362 quod
1553 1298 1599 1344 ei
1645 1311 1754 1344 cum

220 1381 545 1446 grammaticis
581 1379 716 1427 illius
751 1381 926 1427 aetatis
959 1395 1207 1428 commune
1242 1380 1363 1440 fuit,
1400 1383 1535 1428 certa
1568 1380 1618 1426 in
1653 1379 1752 1428 cri-

221 1466 321 1514 tice
340 1461 623 1512 exercenda
640 1461 970 1527 subsidiisque
995 1468 1217 1511 veterum
1242 1462 1475 1511 librorum
1494 1460 1754 1511 censendis

221 1549 348 1596 ratio
383 1561 443 1595 ac
478 1561 668 1605 norma,
716 1549 767 1594 et
799 1560 923 1594 vero
957 1547 1008 1593 in
1044 1545 1415 1596 distractissima
1454 1550 1505 1594 et
1539 1537 1754 1610 occupa-

221 1632 411 1679 tissima
453 1628 545 1676 illa
587 1629 694 1676 vita
740 1645 830 1676 sua
877 1630 1039 1677 acrius
1085 1643 1276 1694 quoque
1319 1627 1443 1676 illud
1486 1632 1630 1692 atque
1675 1628 1753 1674 in-

222 1715 404 1762 tentius
438 1710 650 1760 studium
682 1712 837 1777 ipsius
879 1717 1058 1777 poetae
1093 1711 1488 1777 singulorumque
1521 1709 1755 1759 locorum.
1811 1725 1815 1728 ⁴

225 1796 393 1860 Atque
426 1795 542 1843 inde
576 1797 626 1842 iu
662 1809 857 1842 errores
893 1793 1125 1861 delapsus
1152 1799 1228 1843 est
1262 1799 1313 1843 et
1345 1808 1527 1858 graves
1553 1807 1671 1842 sane
1706 1796 1758 1841 et

223 1878 379 1928 valde
414 1874 606 1926 multos.
676 1875 977 1942 Saepissime
1022 1877 1155 1925 illud·
1191 1878 1448 1943 peccavit,
1492 1880 1546 1925 ut
1585 1877 1630 1924 si
1663 1891 1758 1940 qua

225 1964 322 2029 ipsi
356 1963 600 2027 scriptura
634 1962 776 2008 unius
809 1964 892 2029 aut
926 1959 1130 2008 alterius
1166 1960 1355 2008 codicis
1375 1959 1463 2008 vel
1495 1957 1757 2007 mediocris

224 2050 371 2095 notae
403 2044 491 2094 vel
524 2043 615 2091 illo
651 2043 767 2091 loco
803 2044 1019 2108 corrupti
1051 2043 1279 2108 imprimis
1314 2044 1560 2090 arrisisset
1576 2046 1660 2088 aut
1692 2039 1758 2089 ad

225 2129 515 2199 sententiam
552 2124 963 2175 accommodatior
989 2125 1100 2172 visa
1128 2130 1275 2185 esset,
1311 2124 1588 2190 posthabita
1610 2129 1756 2188 atque

226 2210 459 2275 neglecta
511 2209 734 2259 codicum
785 2207 1082 2272 reliquorum
1134 2209 1424 2256 auctoritate
1482 2210 1757 2274 optimaque
1831 2213 1835 2215 “

227 2295 494 2359 scriptura,
552 2293 689 2340 illum
734 2308 877 2339 unum
925 2295 1008 2338 aut
1052 2292 1372 2356 paucissimos
1412 2290 1531 2339 illos
1576 2295 1758 2340 temere

227 2380 529 2441 sequeretur,
565 2380 647 2423 aut
679 2376 722 2422 si
756 2378 964 2440 poetam,
1002 2376 1083 2438 qui
1115 2374 1356 2422 varietate
1391 2378 1441 2422 et
1475 2375 1618 2440 copia
1652 2389 1756 2423 om-

230 2461 359 2508 nium
401 2465 654 2525 poetarum
696 2457 980 2506 Latinorum
1024 2455 1175 2505 facile
1217 2458 1446 2523 princeps
1492 2462 1595 2527 est,
1643 2456 1757 2505 aliis

185 2572 195 2578 ‚
229 2542 358 2591 locis
392 2557 546 2608 prope
581 2539 709 2589 idem
746 2539 934 2589 dixisse
968 2541 1250 2605 reperisset,
1284 2538 1372 2588 vel
1406 2541 1577 2588 invitis
1611 2543 1753 2595 vete-
1826 2596 1830 2601 .

230 2625 366 2675 ribus
400 2623 540 2673 libris
577 2623 795 2672 omnibns
829 2627 912 2671 aut
944 2622 1194 2688 plerisque
1236 2626 1287 2670 et
1320 2623 1534 2688 optimis,
1577 2620 1754 2682 locum,

231 2707 297 2758 de
342 2722 437 2773 quo
469 2722 598 2757 nunc
643 2706 906 2772 agebatur,
955 2704 1020 2754 ad
1065 2704 1183 2753 illos
1228 2703 1572 2755 accomodaret
1612 2707 1787 2772 atque,
1798 2751 1802 2755 .

232 2793 465 2852 mutaret,
501 2794 585 2840 aut
616 2791 660 2840 si
692 2791 846 2857 primo
879 2789 1042 2838 statim
1078 2792 1280 2855 aspectu
1313 2787 1402 2838 vel
1434 2802 1628 2838 sensum
1658 2785 1754 2836 ali-
