1846 3146
219 199 317 248 198

475 197 532 246 P.
569 194 791 246 ovum
824 155 1141 243 NAsole
1160 182 1519 257 -TRISTIUM

218 319 333 369 Huc
365 317 491 378 Iole,
525 316 803 383 Pyrrhique
836 329 1037 382 parens,
1072 312 1168 361 huc
1200 310 1435 360 Herculis
1468 323 1615 369 uxor,
1647 307 1747 357 4⁰5

287 402 401 453 Huc
434 398 642 450 accedat
674 397 853 463 Hylas,
883 397 1165 462 Iliadesque
1198 407 1332 461 puer.

222 555 339 587 strum
361 552 554 593 Cretense,
589 557 661 590 ope
683 548 866 581 Ariadnae
887 556 954 581 oc-
976 546 986 569 ³

224 610 384 650 cidisset,
418 607 621 647 Ariadnen,
642 611 767 636 amore
789 603 866 636 eius
891 612 955 637 ca-

224 666 339 705 ptam,
361 671 483 695 secum
506 659 670 705 abduxit,
690 667 796 700 quam
807 659 956 692 inNaxo

225 720 343 752 insula
365 719 522 760 reliquit.
565 715 779 758 Hyg.F.14.
803 713 858 746 43.
881 713 957 745 270.

226 775 398 816 Apollod.
421 775 482 806 ΠΙ.
506 782 537 806 c.
564 773 631 815 16„
651 773 738 805 Met.
754 771 856 812 VIII,
883 770 958 802 132.

226 832 449 864 Tractarant
469 830 564 861 hunc
584 827 717 860 Thesei
728 827 765 858 et
776 826 960 858 Ariadnae

229 894 388 919 amorem
411 887 449 918 et
469 885 620 918 eventus
644 881 861 923 Sophocles,
883 881 961 913 Eu-

229 941 364 982 ripides
401 943 439 975 et
475 939 540 972 alii
576 939 614 970 in
658 937 808 969 Theseo.
878 936 961 969 Vid.

229 997 348 1037 neyn.
372 997 418 1028 ad
440 996 611 1037 Apollod.
634 994 661 1026 1.
682 994 708 1025 l.
730 1008 774 1014 —
799 992 896 1024 Busl.
926 994 964 1025 et

231 1052 332 1086 Leid.
356 1051 436 1084 Pel.
458 1058 542 1093 qen.
563 1046 566 1049 ’
587 1049 667 1083 Bel.
691 1047 817 1088 Peley.

274 1139 351 1172 404.
387 1139 607 1180 scrupulum
627 1144 744 1178 nuper
775 1137 808 1168 h.
834 1136 859 1168 l.
882 1143 964 1168 mo-

232 1195 287 1228 vit
315 1194 465 1227 Merkel
493 1193 547 1225 his
579 1192 721 1225 verbis:
752 1191 966 1234 „Pelasqus

233 1247 474 1283 Protesilaus
506 1247 578 1280 dici
604 1248 751 1289 potest,
788 1247 851 1277 aut
885 1245 968 1285 quia

234 1306 401 1338 Graecus
409 1305 473 1335 aut
483 1302 565 1344 quia
572 1301 767 1335 Thessalus
777 1301 916 1339 (Strab.
922 1302 968 1333 V.

233 1371 269 1403 p.
286 1360 488 1402 152.153.),
508 1360 575 1391 sed
596 1360 728 1390 neutro
740 1358 847 1389 modo
864 1358 927 1389 aut
946 1364 969 1389 a

233 1418 391 1458 Theseo,
411 1416 471 1456 qui
494 1416 674 1454 Graecus,
686 1414 749 1444 aut
762 1412 807 1443 ab
821 1413 968 1452 Iasone,

237 1474 298 1514 qui
319 1471 541 1512 Thessalus,
562 1468 653 1500 satis
674 1467 748 1499 ista
767 1466 968 1508 appellatio

237 1529 385 1563 tertium
398 1521 615 1559 discernit.“
638 1525 687 1557 At
699 1531 774 1555 non
784 1523 865 1555 sola
875 1530 970 1555 voce

238 1584 423 1626 Pelasqus
461 1580 689 1615 Protesilaus
732 1578 971 1621 significatur,

238 1639 334 1680 quod
369 1645 458 1670 sane
493 1636 603 1669 valde
634 1630 830 1667 obscurum
857 1635 971 1676 foret,

238 1694 306 1726 sed
328 1687 492 1725 omnihus
514 1691 639 1725 verbis
658 1691 747 1736 illis,
760 1693 974 1736 Pelasqum,

239 1747 344 1781 Iliac
367 1771 376 1779 .
402 1770 412 1778 .
440 1747 619 1779 lmmum:
656 1758 687 1790 q.
711 1757 742 1782 e.
773 1748 975 1795 Graecum,

240 1804 321 1836 sive
351 1802 474 1844 potius
514 1803 747 1846 Thessalum,
773 1803 883 1836 illum
912 1803 977 1845 qui
1004 1798 1012 1803 '

241 1859 329 1891 rate
357 1866 429 1890 sua
454 1857 605 1898 primus
635 1858 802 1892 Iliacam
826 1861 976 1892 humum

244 1912 387 1955 tetigi&
417 1912 478 1953 qui
505 1913 676 1952 profecto
706 1923 823 1956 neque
854 1916 976 1948 Pelias

169 1969 175 1971 *
244 1977 361 2010 neque
382 1969 542 2001 Theseus
565 1966 722 2010 intelligi
737 1971 870 2010 potest.
915 1970 976 2003 Si-

245 2025 340 2059 milis
375 2023 598 2065 periphrasis
632 2026 690 2055 est
725 2033 760 2057 v.
796 2025 873 2058 251.
901 2026 977 2057 252.

246 2083 302 2116 De
323 2079 450 2112 fabula
471 2078 544 2110 vid.
566 2079 613 2110 ad
635 2080 667 2121 1,
691 2081 727 2122 s,
749 2081 804 2112 2⁰.
968 2071 971 2077 ’

292 2145 413 2179 Guelf.
438 2145 475 2176 et
497 2144 597 2178 Leid.
620 2145 667 2178 de
687 2146 787 2179 rate.
831 2146 909 2178 Pal.
933 2146 980 2188 1.,

249 2204 284 2236 11
306 2202 370 2236 alii
390 2201 512 2234 Heius.
537 2202 574 2233 et
595 2201 755 2234 eiusdem
785 2202 840 2233 ed.
863 2210 920 2242 pr.
943 2203 982 2234 et

250 2261 347 2292 Mor.
377 2265 446 2299 pro
474 2266 510 2289 v.
539 2264 613 2288 scr.
643 2255 708 2297 qai
733 2257 850 2300 pede,
885 2259 982 2298 quod

251 2313 355 2346 fluxit
376 2320 423 2344 ex
444 2313 495 2354 V,
519 2311 576 2354 14,
599 2312 654 2345 40.
699 2313 786 2345 Her.
809 2314 909 2356 xm,
926 2314 980 2346 93.

252 2368 452 2405 Laodomia
473 2367 680 2400 Protesilao
700 2367 850 2400 scribit:

319 2444 394 2475 Sors
417 2450 537 2479 quoque
558 2442 662 2471 nescio
694 2450 782 2478 quem
812 2442 874 2471 sato
905 2424 983 2471 disi-

651 2489 726 2522 gnat
741 2486 856 2522 iniquo,

372 2531 433 2567 Qui
455 2532 570 2567 primus
594 2532 722 2560 danaum
747 2532 865 2560 Troada
882 2533 987 2567 tangat

322 2678 407 2707 Inter
440 2677 525 2706 mille
558 2679 641 2712 rates
675 2679 734 2705 tua'
758 2678 799 2704 sit
829 2674 991 2703 millesima

656 2721 776 2757 puppis,

315 2773 318 2778 ·
375 2768 499 2804 Iamque
523 2767 667 2803 fatigatas
693 2766 802 2793 ultima
825 2765 930 2793 verset
953 2768 989 2792 a'-

296 2817 303 2824 '
658 2817 742 2847 quas.

307 2886 382 2920 405.
414 2883 498 2915 Hac
527 2881 621 2914 Iole.
674 2881 771 2913 Unus
804 2879 882 2912 Pol.
913 2876 989 2911 Ac-

1020 543 1137 577 cione.
1193 539 1374 574 Herculis
1393 548 1498 573 umor
1519 541 1576 572 est
1599 538 1752 572 Deiani-

1021 609 1079 642 ra,
1111 599 1224 633 Oenei
1244 598 1335 639 filia,
1374 605 1479 638 quam
1508 603 1589 628 cum
1616 595 1754 627 Nessus

1023 644 1226 688 Centa'urus
1260 659 1393 692 rapere
1422 650 1565 693 vellet,
1608 651 1752 682 Hercu-

1023 710 1078 741 les
1102 708 1284 741 venenata
1308 714 1388 739 eum
1410 706 1546 748 sagitta
1560 704 1756 746 percussit.

1024 765 1162 797 Nessus
1183 762 1382 795 moriturus
1405 762 1451 794 de
1474 761 1658 794 venenato
1668 767 1758 791 san-

1024 820 1134 862 guine
1156 819 1353 852 Deianirae
1376 808 1491 858 de'dit3
1514 817 1702 849 efficacem
1715 822 1758 846 e-

1026 875 1098 907 nim
1119 875 1204 906 fore
1231 874 1278 906 ad
1305 879 1465 904 amorem
1495 871 1659 912 coniugis
1690 859 1761 902 sibi

1029 929 1330 962 conservandum.
1396 925 1511 968 Quum
1540 928 1661 958 autem
1690 933 1760 965 po-

1029 987 1112 1017 stea
1140 984 1334 1025 HerculeS,
1368 983 1551 1022 occupata
1573 980 1764 1021 Oechalia,

1031 1042 1162 1082 Iolen,
1197 1039 1330 1080 Euryti
1360 1036 1553 1070 Oechaliae
1582 1034 1682 1076 regis
1715 1034 1763 1066 fi-

1030 1098 1137 1138 liam,
1169 1103 1275 1137 quam
1308 1093 1409 1134 prius
1438 1092 1475 1124 in
1498 1089 1762 1128 matrimonium
1791 1122 1798 1133 Ι

1029 1153 1177 1194 petitam
1199 1158 1274 1182 non
1295 1147 1527 1189 impetrarat,
1547 1144 1671 1182 occiso
1695 1151 1763 1185 pa-

1034 1210 1092 1239 tre
1123 1206 1305 1247 captivam
1336 1201 1562 1242 abduxisset,
1591 1199 1767 1232 Deianira

1035 1261 1068 1294 ei
1107 1261 1266 1293 tunicam
1302 1260 1443 1292 Nesseo
1482 1255 1549 1288 illo
1589 1254 1767 1295 sanguine

1034 1317 1164 1349 illitam
1185 1316 1296 1358 misit,
1319 1301 1389 1355 qua
1403 1310 1588 1350 Hercules
1604 1317 1683 1342 cum
1696 1309 1768 1340 'ta-

1036 1372 1188 1403 bescere
1210 1379 1250 1403 se
1272 1369 1442 1408 sentiret,
1470 1366 1508 1398 in
1530 1364 1768 1398 oetavmonte

1035 1433 1117 1457 sese
1139 1426 1218 1465 ipse
1240 1426 1324 1467 igne
1354 1420 1596 1456 consumsisse
1626 1418 1770 1450 dicitur.

1037 1480 1211 1512 Deianira
1255 1480 1388 1520 laqueo
1435 1483 1518 1509 sese
1571 1472 1770 1515 suspendit.

1037 1537 1132 1577 Hyg.
1154 1536 1196 1568 F.
1219 1534 1288 1576 34„
1310 1532 1482 1574 Apollod.
1505 1532 1550 1563 Π.
1574 1538 1606 1562 c.
1634 1530 1683 1571 6.,
1705 1529 1768 1560 ΙΙΙ.

1032 1600 1071 1624 ιο.
1102 1591 1182 1633 12„
1215 1590 1281 1624 ev.
1310 1590 1398 1621 ner.
1419 1587 1503 1627 tx„
1534 1587 1683 1618 Metam.
1705 1584 1772 1624 lx,

1041 1647 1093 1679 13.
1116 1655 1193 1687 sqq.
1244 1646 1275 1678 E
1303 1643 1426 1676 multis
1454 1641 1680 1674 Graecorum
1711 1639 1773 1670 fa-

1039 1703 1134 1736 bulis
1157 1702 1304 1734 exstant
1318 1695 1548 1731 Trachiniae
1565 1694 1776 1737 Sophoclis,

1039 1759 1078 1791 in
1100 1758 1227 1799 quibus
1258 1762 1362 1788 amor
1383 1751 1579 1786 Deianirae
1601 1749 1775 1791 tangitur.

1042 1814 1152 1847 Iolen
1181 1817 1322 1857 quoque
1350 1808 1512 1842 fabulam
1541 1805 1671 1846 misse,
1705 1811 1776 1844 ap·-

1042 1871 1151 1911 paret
1172 1876 1218 1900 ex
1241 1866 1423 1899 hocloco.
1466 1858 1609 1902 Pyrrhi
1621 1866 1778 1900 parens,

1045 1922 1244 1960 Deidamia.
1290 1920 1470 1960 Achilles,
1491 1925 1540 1950 ne
1561 1916 1722 1956 Troiam,
1734 1922 1780 1946 u-

1044 1979 1080 2011 bi
1101 1979 1215 2010 fatum
1245 1978 1501 2013 matura.eum
1530 1974 1649 2004 morte
1676 1969 1780 2011 peri-

1046 2035 1164 2065 turum
1186 2030 1436 2072 praedicebat,
1463 2027 1779 2068 proficisceretur,

1046 2095 1070 2119 a
1098 2088 1214 2118 matre
1243 2085 1398 2117 femineo
1438 2083 1575 2121 vestitu
1610 2081 1703 2120 clam
1733 2080 1780 2111 ad

1047 2141 1315 2181 Lycomedem,
1344 2137 1454 2179 Scyri
1474 2144 1621 2179 regem,
1650 2136 1780 2168 ductus

1049 2197 1120 2236 est,
1143 2194 1203 2226 ubi
1226 2190 1247 2226 'e
1269 2193 1471 2235 Deidamia,
1495 2192 1713 2234 Lycomedis
1732 2192 1777 2224 fi-

1047 2250 1113 2292 lia,
1157 2250 1338 2290 Pyrrhum
1382 2250 1462 2282 sive
1501 2247 1781 2288 Neoptolemum

1048 2305 1270 2346 procreavit.
1349 2304 1519 2346 Apollod.
1551 2305 1614 2336 111.
1656 2311 1688 2335 c.
1729 2302 1781 2335 13.

1051 2362 1155 2395 conf.
1178 2362 1280 2393 Hom.
1303 2360 1367 2394 Od.
1390 2361 1454 2401 XI,
1477 2361 1552 2392 565.
1576 2368 1654 2406 sqq.
1698 2357 1782 2392 Fuit

1052 2418 1096 2449 de
1119 2424 1163 2448 eo
1192 2418 1406 2457 argumento
1436 2416 1563 2448 fabula
1588 2413 1781 2456 Sophoclis

1053 2470 1222 2511 Scyriae,
1244 2471 1329 2503 item
1351 2471 1533 2512 Euripidis
1555 2473 1594 2504 et
1614 2470 1782 2503 aliorum.

1052 2529 1134 2562 Vid.
1157 2529 1275 2568 Heyn.
1299 2528 1345 2559 ad
1368 2520 1540 2568 Apollodl
1561 2526 1585 2558 l.
1607 2525 1633 2558 l.
1655 2534 1661 2540 ·

1099 2596 1176 2630 406.
1209 2595 1340 2635 Hylae,
1377 2593 1472 2625 filius
1507 2588 1785 2625 Theodamantis

1056 2655 1093 2685 et
1127 2650 1280 2684 deliciae
1309 2647 1502 2688 Herculis,
1545 2646 1581 2678 in
1603 2642 1788 2684 Bithynia,

1057 2717 1137 2741 cum
1171 2701 1298 2747 aquam
1330 2695 1526 2744 hauriret,
1551 2708 1575 2732 a
1609 2695 1822 2740 Nymphis-'

1055 2764 1208 2805 propter
1232 2759 1395 2792 eximiam
1418 2755 1696 2800 pulcritudinem
1718 2761 1783 2784 ra-

1055 2820 1138 2859 ptus
1169 2817 1235 2848 est.
1286 2815 1456 2856 Apollod.
1487 2813 1514 2844 Ι.
1546 2819 1578 2844 c.
1609 2811 1640 2843 9.
1668 2809 1787 2849 ibique

1056 2874 1190 2914 Eeyn„
1213 2870 1383 2912 Apollon.
1403 2869 1435 2911 I,
1449 2866 1545 2902 1207.
1560 2874 1651 2909 sqq.,
1665 2864 1787 2899 Strab.
