1846 3146
240 237 311 267 xx
785 220 1204 272 PRAEFATIO.

236 344 376 390 auxi.
447 340 501 391 C.
535 340 648 391 241
682 347 912 393 continet.
995 345 1072 392 De
1105 343 1345 410 prioribus
1385 343 1588 392 dominis
1634 343 1758 393 haec

235 423 405 472 habet:
441 425 561 473 Icmi
591 425 872 474 Parrhasii
904 433 956 476 et
986 429 1270 476 amicorum.
1311 417 1407 474 sex
1447 427 1620 474 aureis
1653 441 1754 474 em-

158 514 159 517 ’
236 512 320 555 tus
353 507 577 556 Patavii.
656 508 870 557 Antonii
901 509 1181 574 Seripandi
1214 525 1282 558 θα·
1323 508 1444 556 Iam‘
1478 508 1758 559 Parrhasii

235 595 541 640 testamento.
606 590 702 639 Ea·
736 591 951 639 biblioth.
986 592 1215 641 Askewii
1249 608 1294 640 a.
1325 592 1472 640 1785
1489 592 1611 640 mihi
1625 607 1757 640 com-

233 676 419 737 paravi
451 673 614 722 Laur.
649 674 941 724 Santonius.
1019 674 1114 724 Ex
1148 675 1259 724 bibl.
1292 674 1530 724 Santonii
1563 676 1658 722 emi
1686 673 1756 722 H.

234 755 299 804 F.
336 756 397 804 de
430 756 567 805 Diez
601 773 645 805 a.
682 758 846 806 1800.
923 757 1071 806 Alter
1113 762 1190 806 est
1233 756 1563 817 Relandinus,
1607 770 1756 804 mem-

233 837 518 899 branaceus,
555 839 710 887 forma
743 839 851 889 fere
880 840 1127 905 quadrata,
1155 841 1262 888 sine
1287 839 1445 899 titulo,
1473 840 1664 886 minutis
1692 838 1758 886 li-
1819 884 1822 889 .

231 923 350 970 teris
385 920 445 970 ab
490 923 711 987 imperito
758 923 845 971 vel
890 924 1310 988 negligentissimo
1353 923 1562 987 scriptus
1603 921 1757 971 libra-

232 1006 307 1052 rio
334 1008 384 1052 et
406 1021 436 1052 a
458 1006 722 1053 recentiori
756 1022 898 1053 manu
930 1005 1092 1054 multis
1125 1005 1252 1054 locis
1273 1009 1537 1054 correctus.
1605 1004 1759 1052 Nova

236 1089 446 1135 carmina
479 1089 647 1153 parvis
682 1088 959 1137 intervallis
986 1089 1246 1137 maioribus
1266 1087 1423 1136 literis
1446 1086 1593 1135 rubro
1624 1091 1756 1134 atra-

232 1175 393 1228 mento
428 1172 573 1236 pictis
610 1170 896 1220 indicantur.
965 1170 1168 1221 Saeculi
1187 1170 1384 1219 videtur
1401 1184 1513 1219 esse
1529 1168 1688 1229 XIV.‚
1709 1172 1760 1216 et

231 1252 451 1301 nonnihil
487 1252 634 1302 habet
671 1253 998 1302 similitudinis
1043 1269 1148 1302 cum
1197 1251 1602 1318 Guelferbytano.
1678 1250 1759 1299 De

231 1336 475 1402 prioribus
511 1337 616 1384 eius
654 1336 858 1385 dominis
903 1339 1133 1402 scriptum
1167 1341 1266 1384 est:
1312 1335 1467 1384 fuisse
1502 1350 1609 1384 eum
1644 1333 1760 1382 olim

229 1418 368 1467 Petri
401 1417 631 1479 Relandi,
671 1419 850 1468 deinde
882 1419 1122 1468 Hadriani
1157 1417 1386 1478 Relan’di,
1433 1433 1498 1466 ex
1530 1419 1756 1466 auctione

228 1500 460 1550 librorum
498 1502 561 1549 H.
596 1502 656 1549 R.
693 1519 734 1550 a.
765 1502 894 1551 1761
932 1517 1038 1551 eum
1078 1504 1252 1550 emisse
1286 1501 1484 1550 Petrum
1517 1500 1755 1548 Burman-

228 1600 340 1632 num
373 1583 653 1643 secundum,
691 1599 755 1632 ex
789 1583 930 1634 huius
965 1586 1190 1633 auctione
1219 1601 1261 1632 a.
1289 1582 1419 1632 1779
1444 1582 1757 1631 Laurentium

229 1665 515 1716 Santenium
534 1702 548 1727 ,
592 1682 621 1715 e
670 1668 806 1715 cuius
849 1666 1148 1717 bibliotheca
1183 1681 1291 1715 eum
1324 1683 1366 1714 a.
1394 1664 1526 1714 1800
1560 1680 1756 1731 compa-

229 1765 367 1798 rasse
402 1750 465 1798 H.
500 1749 559 1797 F.
593 1748 656 1798 de
691 1749 845 1810 Diez,
894 1752 975 1814 qui
1016 1764 1123 1801 eum
1168 1765 1274 1799 cum
1307 1762 1456 1813 saepe
1493 1753 1755 1796 memorato
1827 1800 1829 1805 A

230 1836 464 1896 apparatu
480 1832 1074 1881 Heinsio-Burmanniano
1097 1831 1300 1881 donavit
1326 1830 1655 1881 bibliothecae
1674 1845 1756 1878 re-

230 1915 344 1977 giae
377 1913 702 1962 Berolinensi.

333 1995 533 2045 Tertius
562 2002 637 2045 est
673 1994 982 2058 Crevennae,
1021 1998 1323 2058 chartaceus,
1358 2000 1408 2046 in
1440 1997 1565 2046 folio
1587 1996 1758 2044 minori

230 2081 341 2128 sive
373 2084 544 2144 quarto
564 2079 858 2143 oblongiori,
894 2082 945 2128 in
963 2081 1258 2130 bibliotheca
1292 2082 1430 2145 regia
1447 2078 1758 2127 Berolinensi

234 2177 300 2211 ex
343 2161 513 2210 eadem
553 2161 815 2211 donatione
850 2163 1030 2222 Diezii,
1069 2164 1321 2211 continens
1357 2163 1524 2211 varia:
1558 2164 1758 2228 primum

234 2243 439 2295 Catonis
474 2244 698 2306 disticha,
734 2251 832 2294 tum
862 2244 1029 2295 Ovidii
1047 2243 1389 2293 Remediorum
1422 2244 1611 2304 librum,
1647 2243 1754 2292 He-

231 2326 415 2387 riodes,
469 2327 669 2387 Tristia,
720 2327 782 2376 de
817 2329 943 2377 Arte
978 2329 1223 2386 amatoria,
1259 2328 1489 2387 Pontica,
1539 2330 1589 2374 et
1634 2340 1757 2390 quae
1845 2378 1846 2390 χ

231 2410 424 2459 Nasoni
475 2411 525 2457 in
577 2409 860 2474 quibusdam
920 2410 1172 2459 codicibus
1224 2410 1495 2459 tribuuntur
1548 2411 1777 2462 carmina„
1844 2398 1846 2402 Α

235 2495 433 2552 minora,
471 2491 534 2540 de
569 2491 780 2554 Somno,
827 2493 890 2541 de
923 2493 1084 2552 Nuce,
1121 2491 1184 2541 de
1220 2491 1428 2552 Cuculo,
1467 2491 1529 2540 de
1562 2491 1753 2550 Puliee,
1814 2539 1816 2541 ,

236 2575 300 2624 de
334 2573 633 2634 Philomela,
669 2575 731 2623 al.
803 2574 1096 2624 Crevennae
1131 2575 1386 2639 catalogus
1421 2575 1509 2624 sub
1545 2591 1588 2622 n.
1617 2572 1754 2621 3666

236 2673 342 2706 eum
375 2660 444 2706 ita
476 2657 732 2706 describit:
768 2658 1067 2707 Manu-ecrit
1095 2675 1188 2706 sur
1222 2660 1418 2723 papier,
1454 2657 1661 2706 ‘exciente'
1695 2671 1756 2703 en

234 2742 390 2790 Italic
422 2740 552 2788 dans
586 2742 631 2788 le
664 2741 727 2789 X
734 2742 785 2790 V.
820 2741 984 2799 sie'cle,
1021 2740 1151 2789 e'crit
1182 2756 1243 2788 en
1278 2742 1454 2788 lettres
1485 2739 1547 2787 de
1574 2740 1781 2802 forme..-

235 2824 292 2872 In
311 2823 404 2871 fine
423 2822 629 2886 legitur:
670 2823 849 2872 Ovidii
864 2824 990 2871 liber
1023 2823 1084 2870 de
1108 2821 1362 2870 Tristibus
1380 2822 1602 2886 explicit.
1649 2817 1754 2869 Co-

237 2905 336 2955 dex
373 2905 521 2954 valde
554 2905 813 2955 mendosus
849 2910 899 2955 et
931 2906 1194 2954 miserrime
1228 2903 1390 2953 multis
1434 2905 1483 2952 in
1517 2902 1643 2951 locis
1677 2902 1753 2948 in-
1784 2913 1787 2915 ’
