<?xml version="1.0" encoding="UTF-8"?>
<!DOCTYPE html PUBLIC "-//W3C//DTD XHTML 1.0 Transitional//EN"
    "http://www.w3.org/TR/xhtml1/DTD/xhtml1-transitional.dtd">
<html xmlns="http://www.w3.org/1999/xhtml" xml:lang="en" lang="en">
 <head>
  <title>
</title>
<meta http-equiv="Content-Type" content="text/html;charset=utf-8" />
  <meta name='ocr-system' content='tesseract 3.04.00' />
  <meta name='ocr-capabilities' content='ocr_page ocr_carea ocr_par ocr_line ocrx_word'/>
</head>
<body>
  <div class='ocr_page' id='page_1' title='image "./tristiumlibriqui00oviduoft_0027.png"; bbox 0 0 1846 3146; ppageno 0'>
   <div class='ocr_carea' id='block_1_1' title="bbox 0 2275 50 2948">
    <p class='ocr_par' dir='ltr' id='par_1_1' title="bbox 0 2275 50 2948">
     <span class='ocr_line' id='line_1_1' title="bbox 0 2275 17 2948; textangle 90"><span class='ocrx_word' id='word_1_1' title='bbox 0 2828 17 2948; x_wconf 47' lang='lat' dir='ltr'>⁴2·&#39;·-‘”&#39;‘W·¹,</span> <span class='ocrx_word' id='word_1_2' title='bbox 0 2710 10 2790; x_wconf 58' lang='lat' dir='ltr'>&#39;&#39;rw‘&#39;</span> <span class='ocrx_word' id='word_1_3' title='bbox 2 2694 6 2699; x_wconf 89' lang='lat'><strong>·</strong></span> <span class='ocrx_word' id='word_1_4' title='bbox 0 2676 13 2687; x_wconf 63' lang='grc' dir='ltr'>κ</span> <span class='ocrx_word' id='word_1_5' title='bbox 2 2668 5 2670; x_wconf 67' lang='lat'><strong>⁴</strong></span> <span class='ocrx_word' id='word_1_6' title='bbox 0 2551 14 2661; x_wconf 61' lang='lat' dir='ltr'>W</span> <span class='ocrx_word' id='word_1_7' title='bbox 0 2495 9 2543; x_wconf 62' lang='lat' dir='ltr'>„on-n</span> <span class='ocrx_word' id='word_1_8' title='bbox 0 2473 4 2489; x_wconf 61' lang='grc' dir='ltr'>Ἰ</span> <span class='ocrx_word' id='word_1_9' title='bbox 0 2442 5 2450; x_wconf 52' lang='lat'>*⁴</span> <span class='ocrx_word' id='word_1_10' title='bbox 0 2351 9 2385; x_wconf 42' lang='lat' dir='ltr'>vs&lt;</span> <span class='ocrx_word' id='word_1_11' title='bbox 0 2297 9 2309; x_wconf 82' lang='lat' dir='ltr'>r·</span> <span class='ocrx_word' id='word_1_12' title='bbox 0 2275 14 2289; x_wconf 77' lang='grc' dir='ltr'>γ</span> 
     </span>
     <span class='ocr_line' id='line_1_2' title="bbox 36 2692 50 2705; textangle 90"><span class='ocrx_word' id='word_1_13' title='bbox 36 2692 50 2705; x_wconf 83' lang='grc' dir='ltr'><strong><em>Ι</em></strong></span> 
     </span>
    </p>
   </div>
   <div class='ocr_carea' id='block_1_2' title="bbox 616 154 1621 208">
    <p class='ocr_par' dir='ltr' id='par_1_2' title="bbox 616 154 1621 208">
     <span class='ocr_line' id='line_1_3' title="bbox 616 154 1621 208; baseline -0.006 0"><span class='ocrx_word' id='word_1_14' title='bbox 616 174 620 177; x_wconf 60' lang='grc'><strong><em>“</em></strong></span> <span class='ocrx_word' id='word_1_15' title='bbox 649 154 1064 208; x_wconf 61' lang='lat' dir='ltr'><strong>PRAEFATIO.</strong></span> <span class='ocrx_word' id='word_1_16' title='bbox 1526 170 1621 203; x_wconf 74' lang='lat' dir='ltr'>xxr</span> 
     </span>
    </p>
   </div>
   <div class='ocr_carea' id='block_1_3' title="bbox 105 274 1621 748">
    <p class='ocr_par' dir='ltr' id='par_1_3' title="bbox 105 274 1621 748">
     <span class='ocr_line' id='line_1_4' title="bbox 105 274 1619 346; baseline -0.003 -17"><span class='ocrx_word' id='word_1_17' title='bbox 105 279 387 346; x_wconf 85' lang='lat' dir='ltr'>terpolatus.</span> <span class='ocrx_word' id='word_1_18' title='bbox 453 278 563 327; x_wconf 86' lang='lat' dir='ltr'>Hos</span> <span class='ocrx_word' id='word_1_19' title='bbox 608 283 709 327; x_wconf 88' lang='lat' dir='ltr'>tres</span> <span class='ocrx_word' id='word_1_20' title='bbox 748 277 947 327; x_wconf 87' lang='lat' dir='ltr'>codices</span> <span class='ocrx_word' id='word_1_21' title='bbox 981 294 1025 324; x_wconf 91' lang='lat' dir='ltr'>a.</span> <span class='ocrx_word' id='word_1_22' title='bbox 1052 274 1182 325; x_wconf 81' lang='lat'>1832</span> <span class='ocrx_word' id='word_1_23' title='bbox 1215 278 1265 323; x_wconf 90' lang='lat' dir='ltr'>in</span> <span class='ocrx_word' id='word_1_24' title='bbox 1298 277 1405 341; x_wconf 86' lang='lat' dir='ltr'>ipsa</span> <span class='ocrx_word' id='word_1_25' title='bbox 1439 275 1619 326; x_wconf 89' lang='lat' dir='ltr'>biblio-</span> 
     </span>
     <span class='ocr_line' id='line_1_5' title="bbox 106 357 1619 426; baseline -0.005 -13"><span class='ocrx_word' id='word_1_26' title='bbox 106 363 250 413; x_wconf 79' lang='lat' dir='ltr'>theca</span> <span class='ocrx_word' id='word_1_27' title='bbox 283 363 420 426; x_wconf 83' lang='lat' dir='ltr'>regia</span> <span class='ocrx_word' id='word_1_28' title='bbox 442 360 749 410; x_wconf 89' lang='lat' dir='ltr'>Berolinensi</span> <span class='ocrx_word' id='word_1_29' title='bbox 783 362 890 426; x_wconf 89' lang='lat' dir='ltr'>ipse</span> <span class='ocrx_word' id='word_1_30' title='bbox 923 357 1120 408; x_wconf 88' lang='lat' dir='ltr'>contuli.</span> <span class='ocrx_word' id='word_1_31' title='bbox 1189 357 1398 418; x_wconf 82' lang='lat' dir='ltr'><strong>Quartus</strong></span> <span class='ocrx_word' id='word_1_32' title='bbox 1433 364 1510 407; x_wconf 85' lang='lat' dir='ltr'>est</span> <span class='ocrx_word' id='word_1_33' title='bbox 1541 358 1619 406; x_wconf 92' lang='lat' dir='ltr'>bi-</span> 
     </span>
     <span class='ocr_line' id='line_1_6' title="bbox 106 441 1620 507; baseline -0.004 -13"><span class='ocrx_word' id='word_1_34' title='bbox 106 444 383 494; x_wconf 87' lang='lat' dir='ltr'>bliothecae</span> <span class='ocrx_word' id='word_1_35' title='bbox 415 445 583 507; x_wconf 82' lang='lat' dir='ltr'>regiae</span> <span class='ocrx_word' id='word_1_36' title='bbox 615 442 929 501; x_wconf 82' lang='lat' dir='ltr'>DresdensiS,</span> <span class='ocrx_word' id='word_1_37' title='bbox 963 441 1374 501; x_wconf 81' lang='lat' dir='ltr'>membranaceus,</span> <span class='ocrx_word' id='word_1_38' title='bbox 1415 441 1620 506; x_wconf 85' lang='lat' dir='ltr'>elegan-</span> 
     </span>
     <span class='ocr_line' id='line_1_7' title="bbox 106 515 1621 597; baseline -0.005 -19"><span class='ocrx_word' id='word_1_39' title='bbox 106 515 384 597; x_wconf 80' lang='lat' dir='ltr'>tissimeque</span> <span class='ocrx_word' id='word_1_40' title='bbox 415 527 638 591; x_wconf 87' lang='lat' dir='ltr'>scriptus.</span> <span class='ocrx_word' id='word_1_41' title='bbox 718 523 811 584; x_wconf 84' lang='lat' dir='ltr'>Qui</span> <span class='ocrx_word' id='word_1_42' title='bbox 856 525 1074 588; x_wconf 88' lang='lat' dir='ltr'>quamvis</span> <span class='ocrx_word' id='word_1_43' title='bbox 1108 523 1252 572; x_wconf 87' lang='lat' dir='ltr'>litera</span> <span class='ocrx_word' id='word_1_44' title='bbox 1285 525 1506 588; x_wconf 86' lang='lat' dir='ltr'>antiquus</span> <span class='ocrx_word' id='word_1_45' title='bbox 1541 526 1621 582; x_wconf 84' lang='lat' dir='ltr'>sit,</span> 
     </span>
     <span class='ocr_line' id='line_1_8' title="bbox 107 605 1620 674; baseline -0.003 -15"><span class='ocrx_word' id='word_1_46' title='bbox 107 617 277 659; x_wconf 85' lang='lat' dir='ltr'>tamen·</span> <span class='ocrx_word' id='word_1_47' title='bbox 309 624 415 658; x_wconf 90' lang='lat' dir='ltr'>cum</span> <span class='ocrx_word' id='word_1_48' title='bbox 459 609 742 674; x_wconf 85' lang='lat' dir='ltr'><strong>pentametri</strong></span> <span class='ocrx_word' id='word_1_49' title='bbox 786 609 834 655; x_wconf 91' lang='lat' dir='ltr'>in</span> <span class='ocrx_word' id='word_1_50' title='bbox 881 622 942 655; x_wconf 93' lang='lat' dir='ltr'>eo</span> <span class='ocrx_word' id='word_1_51' title='bbox 988 607 1053 656; x_wconf 89' lang='lat' dir='ltr'>ad</span> <span class='ocrx_word' id='word_1_52' title='bbox 1096 605 1492 656; x_wconf 82' lang='lat' dir='ltr'>consuetudinem</span> <span class='ocrx_word' id='word_1_53' title='bbox 1537 621 1620 654; x_wconf 86' lang='lat' dir='ltr'>re-</span> 
     </span>
     <span class='ocr_line' id='line_1_9' title="bbox 110 689 1620 748; baseline -0.003 -7"><span class='ocrx_word' id='word_1_54' title='bbox 110 692 339 742; x_wconf 88' lang='lat' dir='ltr'>centioris</span> <span class='ocrx_word' id='word_1_55' title='bbox 380 692 553 739; x_wconf 88' lang='lat' dir='ltr'>aetatis</span> <span class='ocrx_word' id='word_1_56' title='bbox 587 706 681 738; x_wconf 86' lang='lat' dir='ltr'>una</span> <span class='ocrx_word' id='word_1_57' title='bbox 722 696 804 738; x_wconf 90' lang='lat' dir='ltr'>aut</span> <span class='ocrx_word' id='word_1_58' title='bbox 847 689 1032 738; x_wconf 86' lang='lat' dir='ltr'>duabus</span> <span class='ocrx_word' id='word_1_59' title='bbox 1079 689 1236 738; x_wconf 88' lang='lat' dir='ltr'>literis</span> <span class='ocrx_word' id='word_1_60' title='bbox 1278 691 1474 737; x_wconf 88' lang='lat' dir='ltr'>retracti</span> <span class='ocrx_word' id='word_1_61' title='bbox 1508 690 1620 748; x_wconf 86' lang='lat' dir='ltr'>sint,</span> 
     </span>
    </p>
   </div>
   <div class='ocr_carea' id='block_1_4' title="bbox 56 770 1620 823">
    <p class='ocr_par' dir='ltr' id='par_1_4' title="bbox 56 770 1620 823">
     <span class='ocr_line' id='line_1_10' title="bbox 56 770 1620 823; baseline -0.003 -1"><span class='ocrx_word' id='word_1_62' title='bbox 56 778 59 781; x_wconf 85' lang='lat'>&#39;</span> <span class='ocrx_word' id='word_1_63' title='bbox 97 781 205 823; x_wconf 90' lang='lat' dir='ltr'>‘non</span> <span class='ocrx_word' id='word_1_64' title='bbox 237 773 364 821; x_wconf 89' lang='lat' dir='ltr'>ultra</span> <span class='ocrx_word' id='word_1_65' title='bbox 397 772 643 821; x_wconf 88' lang='lat' dir='ltr'>saeculum</span> <span class='ocrx_word' id='word_1_66' title='bbox 675 771 816 820; x_wconf 90' lang='lat' dir='ltr'><strong>XIV.</strong></span> <span class='ocrx_word' id='word_1_67' title='bbox 851 771 1048 820; x_wconf 85' lang='lat' dir='ltr'>videtur</span> <span class='ocrx_word' id='word_1_68' title='bbox 1080 770 1361 821; x_wconf 85' lang='lat' dir='ltr'>ascendere.</span> <span class='ocrx_word' id='word_1_69' title='bbox 1426 771 1483 818; x_wconf 95' lang='lat' dir='ltr'>In</span> <span class='ocrx_word' id='word_1_70' title='bbox 1518 771 1620 819; x_wconf 89' lang='lat' dir='ltr'>Ita-</span> 
     </span>
    </p>
   </div>
   <div class='ocr_carea' id='block_1_5' title="bbox 102 853 1624 2896">
    <p class='ocr_par' dir='ltr' id='par_1_5' title="bbox 102 853 1624 2650">
     <span class='ocr_line' id='line_1_11' title="bbox 106 853 1620 921; baseline -0.002 -17"><span class='ocrx_word' id='word_1_71' title='bbox 106 855 176 904; x_wconf 86' lang='lat' dir='ltr'>lia</span> <span class='ocrx_word' id='word_1_72' title='bbox 219 857 428 921; x_wconf 75' lang='lat' dir='ltr'>scriptus</span> <span class='ocrx_word' id='word_1_73' title='bbox 465 859 555 914; x_wconf 88' lang='lat' dir='ltr'>est,</span> <span class='ocrx_word' id='word_1_74' title='bbox 590 856 872 918; x_wconf 84' lang='lat' dir='ltr'>signumque</span> <span class='ocrx_word' id='word_1_75' title='bbox 908 857 1036 919; x_wconf 83' lang='lat' dir='ltr'>gerit</span> <span class='ocrx_word' id='word_1_76' title='bbox 1069 855 1272 903; x_wconf 80' lang='lat' dir='ltr'>Italicae</span> <span class='ocrx_word' id='word_1_77' title='bbox 1304 856 1465 917; x_wconf 88' lang='lat' dir='ltr'>gentis</span> <span class='ocrx_word' id='word_1_78' title='bbox 1499 853 1620 902; x_wconf 89' lang='lat' dir='ltr'>Vis-</span> 
     </span>
     <span class='ocr_line' id='line_1_12' title="bbox 109 922 1621 1003; baseline -0.003 -15"><span class='ocrx_word' id='word_1_79' title='bbox 109 939 255 988; x_wconf 87' lang='lat' dir='ltr'>conti.</span> <span class='ocrx_word' id='word_1_80' title='bbox 320 935 455 985; x_wconf 90' lang='lat' dir='ltr'>Idem</span> <span class='ocrx_word' id='word_1_81' title='bbox 487 922 700 986; x_wconf 77' lang='lat' dir='ltr'>continet</span> <span class='ocrx_word' id='word_1_82' title='bbox 733 936 939 1003; x_wconf 88' lang='lat' dir='ltr'>Pontica</span> <span class='ocrx_word' id='word_1_83' title='bbox 973 943 1023 984; x_wconf 89' lang='lat' dir='ltr'>et</span> <span class='ocrx_word' id='word_1_84' title='bbox 1056 937 1279 1001; x_wconf 82' lang='lat' dir='ltr'>Elegiam</span> <span class='ocrx_word' id='word_1_85' title='bbox 1320 936 1382 984; x_wconf 85' lang='lat' dir='ltr'>ad</span> <span class='ocrx_word' id='word_1_86' title='bbox 1415 936 1621 984; x_wconf 86' lang='lat' dir='ltr'>Liviam.</span> 
     </span>
     <span class='ocr_line' id='line_1_13' title="bbox 106 1016 1623 1084; baseline -0.002 -15"><span class='ocrx_word' id='word_1_87' title='bbox 106 1021 251 1069; x_wconf 87' lang='lat' dir='ltr'>Hune</span> <span class='ocrx_word' id='word_1_88' title='bbox 296 1034 409 1068; x_wconf 88' lang='lat' dir='ltr'>sero</span> <span class='ocrx_word' id='word_1_89' title='bbox 451 1017 768 1075; x_wconf 85' lang='lat' dir='ltr'>animadverti</span> <span class='ocrx_word' id='word_1_90' title='bbox 804 1033 915 1066; x_wconf 91' lang='lat' dir='ltr'>esse</span> <span class='ocrx_word' id='word_1_91' title='bbox 949 1017 1140 1066; x_wconf 89' lang='lat' dir='ltr'>Heinsii</span> <span class='ocrx_word' id='word_1_92' title='bbox 1178 1016 1505 1078; x_wconf 82' lang='lat' dir='ltr'>Combianum‚</span> <span class='ocrx_word' id='word_1_93' title='bbox 1542 1021 1623 1084; x_wconf 92' lang='lat' dir='ltr'>qui</span> 
     </span>
     <span class='ocr_line' id='line_1_14' title="bbox 106 1100 1621 1168; baseline -0.001 -18"><span class='ocrx_word' id='word_1_94' title='bbox 106 1109 262 1151; x_wconf 88' lang='lat' dir='ltr'>tamen</span> <span class='ocrx_word' id='word_1_95' title='bbox 289 1116 400 1151; x_wconf 89' lang='lat' dir='ltr'>raro</span> <span class='ocrx_word' id='word_1_96' title='bbox 429 1117 535 1150; x_wconf 87' lang='lat' dir='ltr'>eum</span> <span class='ocrx_word' id='word_1_97' title='bbox 568 1116 660 1150; x_wconf 90' lang='lat' dir='ltr'>nec</span> <span class='ocrx_word' id='word_1_98' title='bbox 689 1107 824 1150; x_wconf 86' lang='lat' dir='ltr'>recte</span> <span class='ocrx_word' id='word_1_99' title='bbox 854 1100 1030 1165; x_wconf 88' lang='lat' dir='ltr'>ubique</span> <span class='ocrx_word' id='word_1_100' title='bbox 1064 1100 1298 1150; x_wconf 87' lang='lat' dir='ltr'>laudavit.</span> <span class='ocrx_word' id='word_1_101' title='bbox 1366 1103 1480 1168; x_wconf 90' lang='lat' dir='ltr'>Ipse</span> <span class='ocrx_word' id='word_1_102' title='bbox 1501 1117 1621 1151; x_wconf 91' lang='lat' dir='ltr'>con-</span> 
     </span>
     <span class='ocr_line' id='line_1_15' title="bbox 106 1182 1622 1253; baseline 0 -21"><span class='ocrx_word' id='word_1_103' title='bbox 106 1185 196 1233; x_wconf 92' lang='lat' dir='ltr'>tuli</span> <span class='ocrx_word' id='word_1_104' title='bbox 215 1187 264 1232; x_wconf 93' lang='lat' dir='ltr'>in</span> <span class='ocrx_word' id='word_1_105' title='bbox 285 1186 391 1250; x_wconf 90' lang='lat' dir='ltr'>ipsa</span> <span class='ocrx_word' id='word_1_106' title='bbox 412 1183 708 1233; x_wconf 82' lang='lat' dir='ltr'>bibliotheca</span> <span class='ocrx_word' id='word_1_107' title='bbox 733 1182 1017 1253; x_wconf 84' lang='lat' dir='ltr'>Dresdensi.</span> <span class='ocrx_word' id='word_1_108' title='bbox 1085 1184 1183 1234; x_wconf 90' lang='lat' dir='ltr'>Hic</span> <span class='ocrx_word' id='word_1_109' title='bbox 1212 1184 1373 1233; x_wconf 83' lang='lat' dir='ltr'>codex</span> <span class='ocrx_word' id='word_1_110' title='bbox 1408 1184 1622 1250; x_wconf 89' lang='lat' dir='ltr'>permul-</span> 
     </span>
     <span class='ocr_line' id='line_1_16' title="bbox 102 1265 1621 1333; baseline -0.001 -18"><span class='ocrx_word' id='word_1_111' title='bbox 102 1269 167 1315; x_wconf 89' lang='lat' dir='ltr'>tis</span> <span class='ocrx_word' id='word_1_112' title='bbox 200 1267 326 1316; x_wconf 88' lang='lat' dir='ltr'>locis</span> <span class='ocrx_word' id='word_1_113' title='bbox 361 1268 608 1314; x_wconf 84' lang='lat' dir='ltr'>variantes</span> <span class='ocrx_word' id='word_1_114' title='bbox 649 1266 710 1314; x_wconf 93' lang='lat' dir='ltr'>ab</span> <span class='ocrx_word' id='word_1_115' title='bbox 757 1265 926 1315; x_wconf 86' lang='lat' dir='ltr'>eadem</span> <span class='ocrx_word' id='word_1_116' title='bbox 970 1283 1109 1314; x_wconf 88' lang='lat' dir='ltr'>manu</span> <span class='ocrx_word' id='word_1_117' title='bbox 1142 1270 1497 1333; x_wconf 85' lang='lat' dir='ltr'>superscriptas</span> <span class='ocrx_word' id='word_1_118' title='bbox 1530 1266 1621 1315; x_wconf 94' lang='lat' dir='ltr'>ha—</span> 
     </span>
     <span class='ocr_line' id='line_1_17' title="bbox 106 1347 1620 1415; baseline -0.001 -18"><span class='ocrx_word' id='word_1_119' title='bbox 106 1348 204 1408; x_wconf 71' lang='lat' dir='ltr'>bet&#39;,</span> <span class='ocrx_word' id='word_1_120' title='bbox 238 1363 304 1397; x_wconf 85' lang='lat' dir='ltr'>ex</span> <span class='ocrx_word' id='word_1_121' title='bbox 334 1364 432 1397; x_wconf 92' lang='lat' dir='ltr'>uno</span> <span class='ocrx_word' id='word_1_122' title='bbox 466 1364 526 1398; x_wconf 90' lang='lat' dir='ltr'>ac</span> <span class='ocrx_word' id='word_1_123' title='bbox 558 1364 758 1414; x_wconf 89' lang='lat' dir='ltr'>prorsus</span> <span class='ocrx_word' id='word_1_124' title='bbox 793 1347 993 1397; x_wconf 85' lang='lat' dir='ltr'>diverso</span> <span class='ocrx_word' id='word_1_125' title='bbox 1025 1348 1216 1410; x_wconf 83' lang='lat' dir='ltr'>codice,</span> <span class='ocrx_word' id='word_1_126' title='bbox 1256 1352 1336 1415; x_wconf 90' lang='lat' dir='ltr'>qui</span> <span class='ocrx_word' id='word_1_127' title='bbox 1356 1349 1486 1398; x_wconf 86' lang='lat' dir='ltr'>haud</span> <span class='ocrx_word' id='word_1_128' title='bbox 1506 1349 1620 1398; x_wconf 81' lang='lat' dir='ltr'>val-</span> 
     </span>
     <span class='ocr_line' id='line_1_18' title="bbox 106 1429 1624 1496; baseline 0.001 -17"><span class='ocrx_word' id='word_1_129' title='bbox 106 1429 171 1479; x_wconf 88' lang='lat' dir='ltr'>de</span> <span class='ocrx_word' id='word_1_130' title='bbox 217 1429 524 1496; x_wconf 83' lang='lat' dir='ltr'>discrepasse</span> <span class='ocrx_word' id='word_1_131' title='bbox 564 1430 762 1480; x_wconf 84' lang='lat' dir='ltr'>videtur</span> <span class='ocrx_word' id='word_1_132' title='bbox 807 1430 867 1479; x_wconf 88' lang='lat' dir='ltr'>ab</span> <span class='ocrx_word' id='word_1_133' title='bbox 910 1431 987 1480; x_wconf 90' lang='lat' dir='ltr'>ed.</span> <span class='ocrx_word' id='word_1_134' title='bbox 1029 1433 1342 1482; x_wconf 89' lang='lat' dir='ltr'>Bononiensi.</span> <span class='ocrx_word' id='word_1_135' title='bbox 1418 1431 1624 1491; x_wconf 75' lang='lat' dir='ltr'>QuIntus</span> 
     </span>
     <span class='ocr_line' id='line_1_19' title="bbox 105 1511 1619 1579; baseline 0.001 -18"><span class='ocrx_word' id='word_1_136' title='bbox 105 1518 183 1562; x_wconf 83' lang='lat' dir='ltr'>est</span> <span class='ocrx_word' id='word_1_137' title='bbox 214 1513 527 1562; x_wconf 88' lang='lat' dir='ltr'>Buslidianus</span> <span class='ocrx_word' id='word_1_138' title='bbox 561 1515 671 1563; x_wconf 86' lang='lat' dir='ltr'>sive</span> <span class='ocrx_word' id='word_1_139' title='bbox 703 1511 938 1578; x_wconf 84' lang='lat' dir='ltr'>Collegii‚</span> <span class='ocrx_word' id='word_1_140' title='bbox 974 1514 1105 1579; x_wconf 89' lang='lat' dir='ltr'>quod</span> <span class='ocrx_word' id='word_1_141' title='bbox 1138 1514 1252 1563; x_wconf 89' lang='lat' dir='ltr'>olim</span> <span class='ocrx_word' id='word_1_142' title='bbox 1271 1514 1490 1562; x_wconf 88' lang='lat' dir='ltr'>Lovanii.</span> <span class='ocrx_word' id='word_1_143' title='bbox 1511 1514 1619 1573; x_wconf 87' lang='lat' dir='ltr'>fuit,</span> 
     </span>
     <span class='ocr_line' id='line_1_20' title="bbox 105 1595 1621 1656; baseline 0 -12"><span class='ocrx_word' id='word_1_144' title='bbox 105 1595 394 1656; x_wconf 80' lang='lat' dir='ltr'>Buslidiani,</span> <span class='ocrx_word' id='word_1_145' title='bbox 414 1611 540 1644; x_wconf 89' lang='lat' dir='ltr'>nunc</span> <span class='ocrx_word' id='word_1_146' title='bbox 562 1595 887 1645; x_wconf 86' lang='lat' dir='ltr'>bibliothecae</span> <span class='ocrx_word' id='word_1_147' title='bbox 912 1597 1260 1646; x_wconf 85' lang='lat' dir='ltr'>Universitatis</span> <span class='ocrx_word' id='word_1_148' title='bbox 1279 1596 1621 1645; x_wconf 59' lang='lat' dir='ltr'>Low-aniensis,</span> 
     </span>
     <span class='ocr_line' id='line_1_21' title="bbox 102 1677 1621 1744; baseline 0 -18"><span class='ocrx_word' id='word_1_149' title='bbox 102 1677 197 1726; x_wconf 81' lang='lat' dir='ltr'>Est</span> <span class='ocrx_word' id='word_1_150' title='bbox 226 1678 640 1739; x_wconf 88' lang='lat' dir='ltr'>membranaceus,</span> <span class='ocrx_word' id='word_1_151' title='bbox 677 1679 832 1727; x_wconf 89' lang='lat' dir='ltr'>forma</span> <span class='ocrx_word' id='word_1_152' title='bbox 866 1685 1044 1728; x_wconf 88' lang='lat' dir='ltr'>octava</span> <span class='ocrx_word' id='word_1_153' title='bbox 1078 1679 1307 1744; x_wconf 85' lang='lat' dir='ltr'>oblonga,</span> <span class='ocrx_word' id='word_1_154' title='bbox 1343 1681 1523 1728; x_wconf 87' lang='lat' dir='ltr'>minuta</span> <span class='ocrx_word' id='word_1_155' title='bbox 1554 1679 1621 1727; x_wconf 94' lang='lat' dir='ltr'>li-</span> 
     </span>
     <span class='ocr_line' id='line_1_22' title="bbox 107 1760 1619 1827; baseline 0.002 -20"><span class='ocrx_word' id='word_1_156' title='bbox 107 1764 235 1820; x_wconf 86' lang='lat' dir='ltr'>tera,</span> <span class='ocrx_word' id='word_1_157' title='bbox 258 1783 260 1785; x_wconf 52' lang='grc'>’</span> <span class='ocrx_word' id='word_1_158' title='bbox 281 1760 468 1809; x_wconf 88' lang='lat' dir='ltr'>saeculi</span> <span class='ocrx_word' id='word_1_159' title='bbox 502 1760 632 1808; x_wconf 91' lang='lat' dir='ltr'>XIV</span> <span class='ocrx_word' id='word_1_160' title='bbox 633 1795 671 1820; x_wconf 84' lang='lat'>.‚</span> <span class='ocrx_word' id='word_1_161' title='bbox 717 1763 822 1809; x_wconf 87' lang='lat' dir='ltr'>sine</span> <span class='ocrx_word' id='word_1_162' title='bbox 857 1761 1013 1809; x_wconf 87' lang='lat' dir='ltr'>titulo.</span> <span class='ocrx_word' id='word_1_163' title='bbox 1083 1761 1266 1810; x_wconf 90' lang='lat' dir='ltr'>Decem</span> <span class='ocrx_word' id='word_1_164' title='bbox 1299 1764 1451 1827; x_wconf 85' lang='lat' dir='ltr'>prima</span> <span class='ocrx_word' id='word_1_165' title='bbox 1495 1761 1619 1810; x_wconf 90' lang='lat' dir='ltr'>folia</span> 
     </span>
     <span class='ocr_line' id='line_1_23' title="bbox 105 1842 1621 1910; baseline 0.003 -21"><span class='ocrx_word' id='word_1_166' title='bbox 105 1842 364 1891; x_wconf 87' lang='lat' dir='ltr'>minoribus</span> <span class='ocrx_word' id='word_1_167' title='bbox 398 1842 571 1901; x_wconf 76' lang='lat' dir='ltr'>literiS‚</span> <span class='ocrx_word' id='word_1_168' title='bbox 606 1842 696 1890; x_wconf 92' lang='lat' dir='ltr'>sed</span> <span class='ocrx_word' id='word_1_169' title='bbox 738 1847 893 1892; x_wconf 87' lang='lat' dir='ltr'>tamen</span> <span class='ocrx_word' id='word_1_170' title='bbox 934 1844 995 1892; x_wconf 89' lang='lat' dir='ltr'>ab</span> <span class='ocrx_word' id='word_1_171' title='bbox 1041 1843 1211 1892; x_wconf 92' lang='lat' dir='ltr'>eadem</span> <span class='ocrx_word' id='word_1_172' title='bbox 1254 1861 1394 1892; x_wconf 89' lang='lat' dir='ltr'>manu</span> <span class='ocrx_word' id='word_1_173' title='bbox 1437 1846 1621 1910; x_wconf 84' lang='lat' dir='ltr'>scripta</span> 
     </span>
     <span class='ocr_line' id='line_1_24' title="bbox 107 1923 1621 1990; baseline 0.003 -19"><span class='ocrx_word' id='word_1_174' title='bbox 107 1929 231 1972; x_wconf 86' lang='lat' dir='ltr'>sunt.</span> <span class='ocrx_word' id='word_1_175' title='bbox 298 1924 444 1973; x_wconf 90' lang='lat' dir='ltr'>Hunc</span> <span class='ocrx_word' id='word_1_176' title='bbox 477 1923 697 1973; x_wconf 88' lang='lat' dir='ltr'>codicem</span> <span class='ocrx_word' id='word_1_177' title='bbox 728 1927 926 1990; x_wconf 90' lang='lat' dir='ltr'>primum</span> <span class='ocrx_word' id='word_1_178' title='bbox 960 1926 1164 1974; x_wconf 83' lang='lat' dir='ltr'>contulit</span> <span class='ocrx_word' id='word_1_179' title='bbox 1197 1926 1445 1987; x_wconf 80' lang='lat' dir='ltr'>Heinsius,</span> <span class='ocrx_word' id='word_1_180' title='bbox 1483 1929 1621 1975; x_wconf 90' lang='lat' dir='ltr'>cuius</span> 
     </span>
     <span class='ocr_line' id='line_1_25' title="bbox 104 2005 1620 2072; baseline 0.002 -18"><span class='ocrx_word' id='word_1_181' title='bbox 104 2005 305 2055; x_wconf 84' lang='lat' dir='ltr'>collatio</span> <span class='ocrx_word' id='word_1_182' title='bbox 340 2012 502 2055; x_wconf 84' lang='lat' dir='ltr'>exstat</span> <span class='ocrx_word' id='word_1_183' title='bbox 534 2008 583 2054; x_wconf 89' lang='lat' dir='ltr'>iu</span> <span class='ocrx_word' id='word_1_184' title='bbox 617 2007 912 2056; x_wconf 89' lang='lat' dir='ltr'>bibliotheca</span> <span class='ocrx_word' id='word_1_185' title='bbox 946 2011 1082 2072; x_wconf 83' lang='lat' dir='ltr'>regia</span> <span class='ocrx_word' id='word_1_186' title='bbox 1099 2009 1421 2057; x_wconf 86' lang='lat' dir='ltr'>Beroliuensi.</span> <span class='ocrx_word' id='word_1_187' title='bbox 1480 2009 1620 2057; x_wconf 85' lang='lat' dir='ltr'>Eun-</span> 
     </span>
     <span class='ocr_line' id='line_1_26' title="bbox 109 2085 1620 2156; baseline 0.002 -20"><span class='ocrx_word' id='word_1_188' title='bbox 109 2085 218 2136; x_wconf 87' lang='lat' dir='ltr'>dem</span> <span class='ocrx_word' id='word_1_189' title='bbox 249 2089 550 2138; x_wconf 89' lang='lat' dir='ltr'>Burmannus</span> <span class='ocrx_word' id='word_1_190' title='bbox 595 2105 785 2154; x_wconf 87' lang='lat' dir='ltr'>quoque</span> <span class='ocrx_word' id='word_1_191' title='bbox 818 2093 1098 2139; x_wconf 76' lang='lat' dir='ltr'>excussisse</span> <span class='ocrx_word' id='word_1_192' title='bbox 1131 2090 1348 2151; x_wconf 82' lang='lat' dir='ltr'>videtur,</span> <span class='ocrx_word' id='word_1_193' title='bbox 1399 2094 1479 2156; x_wconf 92' lang='lat' dir='ltr'>qui</span> <span class='ocrx_word' id='word_1_194' title='bbox 1514 2094 1620 2140; x_wconf 88' lang='lat' dir='ltr'>eius</span> 
     </span>
     <span class='ocr_line' id='line_1_27' title="bbox 105 2171 1617 2240; baseline 0.003 -22"><span class='ocrx_word' id='word_1_195' title='bbox 105 2173 351 2219; x_wconf 85' lang='lat' dir='ltr'>variantes</span> <span class='ocrx_word' id='word_1_196' title='bbox 384 2173 434 2219; x_wconf 94' lang='lat' dir='ltr'>in</span> <span class='ocrx_word' id='word_1_197' title='bbox 469 2171 735 2236; x_wconf 80' lang='lat' dir='ltr'>exemplari</span> <span class='ocrx_word' id='word_1_198' title='bbox 769 2171 997 2221; x_wconf 83' lang='lat' dir='ltr'>editionis</span> <span class='ocrx_word' id='word_1_199' title='bbox 1031 2189 1164 2234; x_wconf 85' lang='lat' dir='ltr'>suae,</span> <span class='ocrx_word' id='word_1_200' title='bbox 1200 2189 1349 2240; x_wconf 83' lang='lat' dir='ltr'>saepe</span> <span class='ocrx_word' id='word_1_201' title='bbox 1383 2176 1475 2222; x_wconf 90' lang='lat' dir='ltr'>iam</span> <span class='ocrx_word' id='word_1_202' title='bbox 1516 2190 1617 2223; x_wconf 90' lang='lat' dir='ltr'>me-</span> 
     </span>
     <span class='ocr_line' id='line_1_28' title="bbox 106 2245 1617 2323; baseline 0.003 -23"><span class='ocrx_word' id='word_1_203' title='bbox 106 2258 288 2302; x_wconf 81' lang='lat' dir='ltr'>morato</span> <span class='ocrx_word' id='word_1_204' title='bbox 307 2288 320 2313; x_wconf 87' lang='lat'>,</span> <span class='ocrx_word' id='word_1_205' title='bbox 383 2254 472 2302; x_wconf 91' lang='lat' dir='ltr'>sub</span> <span class='ocrx_word' id='word_1_206' title='bbox 522 2255 712 2302; x_wconf 89' lang='lat' dir='ltr'>nomine</span> <span class='ocrx_word' id='word_1_207' title='bbox 765 2254 951 2303; x_wconf 91' lang='lat' dir='ltr'>codicis</span> <span class='ocrx_word' id='word_1_208' title='bbox 993 2245 1322 2304; x_wconf 86' lang='lat' dir='ltr'>Lovaniensis</span> <span class='ocrx_word' id='word_1_209' title='bbox 1374 2259 1617 2323; x_wconf 84' lang='lat' dir='ltr'>apposuit.</span> 
     </span>
     <span class='ocr_line' id='line_1_29' title="bbox 106 2334 1617 2404; baseline 0.004 -23"><span class='ocrx_word' id='word_1_210' title='bbox 106 2334 272 2398; x_wconf 86' lang='lat' dir='ltr'>Atque</span> <span class='ocrx_word' id='word_1_211' title='bbox 315 2336 518 2385; x_wconf 89' lang='lat' dir='ltr'>eundem</span> <span class='ocrx_word' id='word_1_212' title='bbox 564 2339 613 2384; x_wconf 92' lang='lat' dir='ltr'>in</span> <span class='ocrx_word' id='word_1_213' title='bbox 656 2337 761 2402; x_wconf 89' lang='lat' dir='ltr'>ipsa</span> <span class='ocrx_word' id='word_1_214' title='bbox 807 2353 888 2385; x_wconf 78' lang='lat' dir='ltr'>cn</span> <span class='ocrx_word' id='word_1_215' title='bbox 889 2339 1007 2386; x_wconf 83' lang='lat' dir='ltr'>itate</span> <span class='ocrx_word' id='word_1_216' title='bbox 1039 2338 1252 2386; x_wconf 90' lang='lat' dir='ltr'>Lovanii</span> <span class='ocrx_word' id='word_1_217' title='bbox 1303 2341 1411 2404; x_wconf 86' lang='lat' dir='ltr'>ipse</span> <span class='ocrx_word' id='word_1_218' title='bbox 1456 2339 1617 2387; x_wconf 91' lang='lat' dir='ltr'>denuo</span> 
     </span>
     <span class='ocr_line' id='line_1_30' title="bbox 105 2415 1617 2481; baseline 0.004 -17"><span class='ocrx_word' id='word_1_219' title='bbox 105 2415 367 2480; x_wconf 85' lang='lat' dir='ltr'>diligenter</span> <span class='ocrx_word' id='word_1_220' title='bbox 401 2419 612 2478; x_wconf 81' lang='lat' dir='ltr'>contuli3</span> <span class='ocrx_word' id='word_1_221' title='bbox 658 2418 786 2467; x_wconf 92' lang='lat' dir='ltr'>unde</span> <span class='ocrx_word' id='word_1_222' title='bbox 828 2419 1007 2468; x_wconf 85' lang='lat' dir='ltr'>factum</span> <span class='ocrx_word' id='word_1_223' title='bbox 1051 2427 1150 2481; x_wconf 84' lang='lat' dir='ltr'>est,</span> <span class='ocrx_word' id='word_1_224' title='bbox 1204 2426 1257 2468; x_wconf 87' lang='lat' dir='ltr'>ut</span> <span class='ocrx_word' id='word_1_225' title='bbox 1290 2423 1459 2470; x_wconf 86' lang='lat' dir='ltr'>variae</span> <span class='ocrx_word' id='word_1_226' title='bbox 1492 2424 1617 2470; x_wconf 85' lang='lat' dir='ltr'>scri-</span> 
     </span>
     <span class='ocr_line' id='line_1_31' title="bbox 103 2498 1616 2563; baseline 0.004 -17"><span class='ocrx_word' id='word_1_227' title='bbox 103 2503 273 2563; x_wconf 88' lang='lat' dir='ltr'>pturae</span> <span class='ocrx_word' id='word_1_228' title='bbox 307 2498 447 2548; x_wconf 84' lang='lat' dir='ltr'>huius</span> <span class='ocrx_word' id='word_1_229' title='bbox 481 2501 667 2549; x_wconf 84' lang='lat' dir='ltr'>codicis</span> <span class='ocrx_word' id='word_1_230' title='bbox 710 2504 760 2549; x_wconf 91' lang='lat' dir='ltr'>in</span> <span class='ocrx_word' id='word_1_231' title='bbox 806 2504 986 2549; x_wconf 89' lang='lat' dir='ltr'>nostris</span> <span class='ocrx_word' id='word_1_232' title='bbox 1028 2505 1379 2552; x_wconf 86' lang='lat' dir='ltr'>commentariis</span> <span class='ocrx_word' id='word_1_233' title='bbox 1415 2522 1446 2552; x_wconf 88' lang='lat' dir='ltr'>a</span> <span class='ocrx_word' id='word_1_234' title='bbox 1478 2505 1616 2553; x_wconf 89' lang='lat' dir='ltr'>Mer-</span> 
     </span>
     <span class='ocr_line' id='line_1_32' title="bbox 103 2579 1155 2650; baseline 0.005 -23"><span class='ocrx_word' id='word_1_235' title='bbox 103 2579 304 2629; x_wconf 87' lang='lat' dir='ltr'>keliana</span> <span class='ocrx_word' id='word_1_236' title='bbox 336 2581 550 2631; x_wconf 91' lang='lat' dir='ltr'>editione</span> <span class='ocrx_word' id='word_1_237' title='bbox 584 2585 633 2630; x_wconf 91' lang='lat' dir='ltr'>in</span> <span class='ocrx_word' id='word_1_238' title='bbox 666 2583 827 2632; x_wconf 90' lang='lat' dir='ltr'>multis</span> <span class='ocrx_word' id='word_1_239' title='bbox 863 2583 1155 2650; x_wconf 88' lang='lat' dir='ltr'>discrepent.</span> 
     </span>
    </p>

    <p class='ocr_par' dir='ltr' id='par_1_6' title="bbox 105 2663 1616 2896">
     <span class='ocr_line' id='line_1_33' title="bbox 203 2663 1616 2716; baseline 0.004 -6"><span class='ocrx_word' id='word_1_240' title='bbox 203 2663 282 2711; x_wconf 88' lang='lat' dir='ltr'>De</span> <span class='ocrx_word' id='word_1_241' title='bbox 338 2663 413 2712; x_wconf 85' lang='lat' dir='ltr'>his</span> <span class='ocrx_word' id='word_1_242' title='bbox 455 2664 556 2712; x_wconf 89' lang='lat' dir='ltr'>VH</span> <span class='ocrx_word' id='word_1_243' title='bbox 600 2665 942 2714; x_wconf 85' lang='lat' dir='ltr'>collationibus</span> <span class='ocrx_word' id='word_1_244' title='bbox 986 2669 1233 2715; x_wconf 84' lang='lat' dir='ltr'>variantes</span> <span class='ocrx_word' id='word_1_245' title='bbox 1268 2666 1455 2716; x_wconf 89' lang='lat' dir='ltr'>codicis</span> <span class='ocrx_word' id='word_1_246' title='bbox 1489 2668 1616 2715; x_wconf 86' lang='lat' dir='ltr'>Ber-</span> 
     </span>
     <span class='ocr_line' id='line_1_34' title="bbox 107 2745 1613 2816; baseline 0.003 -25"><span class='ocrx_word' id='word_1_247' title='bbox 107 2746 270 2792; x_wconf 85' lang='lat' dir='ltr'>nensis</span> <span class='ocrx_word' id='word_1_248' title='bbox 306 2751 355 2794; x_wconf 89' lang='lat' dir='ltr'>et</span> <span class='ocrx_word' id='word_1_249' title='bbox 389 2745 680 2810; x_wconf 86' lang='lat' dir='ltr'>Segueriani</span> <span class='ocrx_word' id='word_1_250' title='bbox 722 2751 863 2797; x_wconf 85' lang='lat' dir='ltr'>etiam</span> <span class='ocrx_word' id='word_1_251' title='bbox 897 2749 1171 2797; x_wconf 84' lang='lat' dir='ltr'>Merkelius</span> <span class='ocrx_word' id='word_1_252' title='bbox 1205 2753 1454 2816; x_wconf 86' lang='lat' dir='ltr'>excerpsit</span> <span class='ocrx_word' id='word_1_253' title='bbox 1484 2756 1534 2798; x_wconf 87' lang='lat' dir='ltr'>et</span> <span class='ocrx_word' id='word_1_254' title='bbox 1566 2752 1613 2796; x_wconf 88' lang='lat' dir='ltr'>in</span> 
     </span>
     <span class='ocr_line' id='line_1_35' title="bbox 105 2830 1614 2896; baseline 0.003 -21"><span class='ocrx_word' id='word_1_255' title='bbox 105 2830 452 2877; x_wconf 84' lang='lat' dir='ltr'>commentariis</span> <span class='ocrx_word' id='word_1_256' title='bbox 484 2831 586 2878; x_wconf 89' lang='lat' dir='ltr'>suis</span> <span class='ocrx_word' id='word_1_257' title='bbox 621 2833 803 2880; x_wconf 84' lang='lat' dir='ltr'>criticis</span> <span class='ocrx_word' id='word_1_258' title='bbox 838 2832 1013 2890; x_wconf 82' lang='lat' dir='ltr'>attulit,</span> <span class='ocrx_word' id='word_1_259' title='bbox 1050 2834 1130 2896; x_wconf 90' lang='lat' dir='ltr'>qui</span> <span class='ocrx_word' id='word_1_260' title='bbox 1164 2834 1306 2882; x_wconf 87' lang='lat' dir='ltr'>etiam</span> <span class='ocrx_word' id='word_1_261' title='bbox 1322 2832 1614 2881; x_wconf 87' lang='lat' dir='ltr'>Berolinen-</span> 
     </span>
    </p>
   </div>
  </div>
 </body>
</html>
