1846 3146
191 171 286 219 100

189 294 338 342 Nunc
375 308 566 359 precor,
603 300 655 342 ut
689 297 864 344 vivant
898 302 949 344 et
982 311 1078 344 non
1114 298 1296 359 ignava
1329 296 1574 362 legentem

446 171 516 219 P.
539 165 760 221 OVIDII
795 171 1110 224 NASONIS
1145 172 1487 225 TRISTIUM

1607 256 1782 346 '25'

255 375 370 426 Otia
404 375 655 425 delectent
689 377 1074 443 admoneantque
1107 381 1212 427 mei.

189 459 307 508 Non
342 463 502 508 tamen
535 459 627 508 illa
662 460 766 525 legi
800 467 1028 527 poterunt
1059 463 1303 527 patienter
1337 462 1399 512 ab
1431 463 1554 524 ullo,

252 542 463 591 Nesciet
495 543 572 591 his
604 559 830 591 summam
863 545 907 591 si
941 546 1051 608 quis
1085 544 1263 594 abesse
1296 562 1496 597 manum.

186 625 422 675 Ablatum
455 624 628 674 mediis
664 641 786 691 opus
821 631 898 674 est
930 626 1190 677 incudibus
1226 626 1369 690 illud,

252 708 426 758 Defuit
459 714 511 758 et
543 710 742 774 scriptis
775 707 943 756 ultima
975 708 1091 758 lima
1123 712 1271 772 meis;

1583 769 1587 772 ,
1641 709 1717 760 ,3ο

184 791 252 840 Et
283 794 477 841 veniam
509 807 600 858 pro
634 790 783 839 laude
817 796 958 856 peto:
993 791 1223 841 laudatus
1257 792 1466 855 abunde,

250 875 370 924 Non
402 873 651 924 fastiditus
685 874 730 920 si
762 872 866 933 tibi,
902 871 1079 935 lector,
1116 877 1217 924 e'ro.

183 957 292 1006 Hos
309 959 519 1023 'quoque
552 971 646 1005 sex
679 970 857 1003 versus
891 957 943 1004 in
974 960 1128 1022 prima
1160 958 1325 1008 fronte
1358 958 1536 1019 libelli,

251 1039 312 1092 Si
345 1037 722 1109 praeponendos
757 1053 870 1087 esse
904 1041 1115 1105 putabis,
1151 1041 1304 1092 habe:

227 1175 283 1206 25.
315 1174 524 1216 Leqentem.
582 1177 693 1221 vulg·
723 1183 917 1224 legentem.

184 1229 353 1271 Scaliger
371 1232 585 1264 emendabat
599 1234 797 1280 leyentum,
822 1241 918 1280 quod

182 1287 220 1317 et
241 1286 326 1318 mihi
347 1288 536 1329 probatur.
582 1289 687 1332 Virg.
720 1294 763 1326 G.
787 1295 854 1337 111,
885 1296 916 1327 3.

248 1358 368 1395 Cetera,
398 1369 476 1397 quae
506 1370 619 1393 vacuas
648 1368 822 1398 tenuissent
848 1377 918 1398 car-

579 1410 663 1449 mijia
678 1417 807 1449 mentes,

247 1448 354 1478 Omnia
371 1449 432 1478 iam
447 1453 573 1488 vulgata
591 1470 626 1476 —-

183 1519 260 1551 Put.
284 1522 323 1552 et
345 1521 430 1554 vat.
448 1523 622 1565 leyentes.
645 1527 794 1560 ΗιιιΝε.
840 1530 917 1561 Re-

180 1574 268 1616 liqui
292 1585 416 1609 omnes
429 1578 622 1623 leyentem,
647 1584 743 1623 quod
763 1585 919 1624 probum

182 1631 250 1661 est.
309 1630 398 1664 Non
433 1632 574 1674 ignava
611 1638 704 1670 enim
734 1639 800 1671 illa
835 1639 917 1672 otia

180 1688 265 1718 sunt
287 1689 420 1727 poetae
445 1688 536 1730 otia,
560 1699 605 1724 ac
629 1694 673 1726 de
698 1695 916 1728 carminibus

180 1742 217 1773 in
247 1743 323 1774 otio
354 1746 579 1789 compositis,
600 1747 644 1780 ·h.
673 1749 699 1781 1.
725 1750 770 1780 de
792 1752 916 1782 Meta-

179 1798 422 1837 morphoseon
446 1809 559 1841 opere
582 1804 811 1847 accipienda,
846 1813 916 1837 ve-

180 1852 237 1883 lut
257 1854 307 1894 11,
331 1854 430 1895 2243
465 1863 510 1887 ac
540 1865 669 1890 sensus
699 1861 772 1890 est:
794 1859 846 1890 ·et
872 1860 917 1891 ut

181 1909 290 1945 (haec
313 1910 410 1945 mea)
433 1918 509 1941 non
542 1910 683 1952 ignava
706 1912 785 1944 otia
803 1916 916 1951 (car-

178 1962 300 2000 mina)
339 1964 520 2004 legentem
563 1967 689 2004 (conf.
727 1970 777 2010 ΙΙ,
819 1970 916 2007 367.)

179 2017 368 2050 delectent
388 2020 428 2051 et
446 2020 518 2052 mei
549 2023 791 2055 admoneant.
835 2025 913 2057 Pal.

181 2071 212 2104 1.
235 2073 279 2104 ut
299 2072 435 2108 iuvant
463 2075 500 2107 et
526 2084 603 2108 non
625 2076 915 2111 §nana-amo-

178 2129 377 2170 neantque.

223 2206 277 2238 27.
311 2208 395 2240 Non
419 2210 554 2242 tamen.
607 2211 758 2253 Dresd.,
790 2212 915 2254 Goth„

178 2263 298 2305 Bern.,
326 2264 415 2310 Pal..
434 2263 464 2296 1.
500 2267 538 2297 et
566 2266 614 2307 2.,
650 2267 786 2308 Guelf.,
808 2267 915 2308 Reg.,

176 2319 269 2361 put„
293 2320 405 2360 Gall„
440 2320 563 2362 Serv„
593 2321 707 2363 Busl„
737 2324 829 2364 1un.,
862 2323 909 2354 fr.

176 2373 291 2416 new,
323 2378 361 2406 et
388 2376 476 2408 XVI
507 2376 571 2407 alii
603 2378 726 2409 Heius.
764 2380 801 2410 et
836 2378 914 2410 eius

178 2429 235 2459 ed.
256 2438 329 2471 pr.,
354 2430 479 2472 Crev.,
503 2432 586 2473 seg.
601 2435 638 2464 et
655 2433 736 2464 Bel.
759 2439 828 2463 nec
851 2432 914 2463 ta-

176 2490 270 2514 men.
316 2485 459 2528 Beliqui
483 2488 520 2518 et
542 2489 632 2519 vett.
651 2488 730 2519 edd.
751 2496 825 2518 non
850 2488 914 2519 ta-

180 2545 275 2568 men.
320 2540 518 2581 Utrumque
547 2542 606 2574 hic
633 2543 755 2575 locum
778 2543 914 2575 habere

162 2588 314 2636 ‘potest,
348 2603 394 2626 ac
429 2597 577 2634 difficile
608 2600 683 2639 est,
707 2601 828 2630 utrum
850 2606 914 2630 re-

179 2650 277 2681 ctum
296 2649 359 2691 sit,
383 2651 557 2684 iudicare.
604 2653 710 2686 conf.
733 2654 782 2695 11,
807 2653 880 2685 183.

221 2738 276 2770 23.
309 2737 474 2771 Nesciet.
534 2740 595 2773 Sic
620 2740 699 2772 Pal.
725 2740 755 2772 1.
762 2762 776 2782 ,
807 2741 913 2783 Reg.-‚

171 2794 269 2836 Put.,
300 2795 412 2837 Gall„
446 2796 567 2837 serv„
598 2798 699 2837 Iun„
730 2797 775 2827 fr.
807 2797 914 2837 Rev„

175 2850 294 2893 Leid.,
341 2852 491 2893 Frano.,
535 2852 621 2883 XVI
666 2851 731 2883 alii
776 2851 914 2892 Heius„

984 1178 1093 1210 Goth.
1100 1198 1115 1219 ,
1151 1176 1295 1218 Guelf„
1318 1176 1448 1218 Rem,
1479 1176 1625 1218 Dresd„
1645 1177 1718 1209 Be-

984 1234 1071 1275 rol.‚
1095 1234 1196 1275 seg„
1217 1232 1299 1264 Bel.
1322 1240 1346 1264 a
1367 1232 1400 1264 2.
1422 1240 1468 1264 m.
1512 1231 1655 1272 Reliqui
1676 1233 1716 1264 et

984 1291 1074 1322 vett.
1106 1289 1186 1320 edd.
1217 1286 1373 1319 nesciat.
1403 1302 1450 1311 ·—·
1478 1285 1522 1318 Sa·
1543 1288 1626 1329 quis
1648 1296 1719 1328 pro

985 1343 1068 1385 qui,
1103 1345 1198 1385 quod
1228 1344 1391 1375 refertur
1421 1343 1469 1375 ad
1492 1343 1589 1376 illud
1627 1333 1720 1385 villo,

986 1399 1157 1433 Ciceroni
1178 1399 1348 1440 imprimis
1368 1398 1540 1431 solemnis
1561 1406 1719 1431 consue-

984 1456 1071 1487 tudo
1101 1455 1254 1487 dicendi.
1316 1453 1484 1496 Conf.·1,
1519 1454 1555 1496 9,
1587 1454 1641 1486 26.
1675 1470 1721 1475 —

984 1510 1054 1542 Ad*
1073 1517 1151 1541 rem
1185 1510 1283 1542 conf.
1313 1510 1392 1551 ΙΙΙ,
1426 1507 1495 1550 14,
1535 1507 1590 1541 19.
1615 1516 1721 1550 seqq.

984 1563 1064 1595 Bel.
1088 1572 1111 1595 a
1134 1563 1164 1596 1.
1188 1573 1234 1597 m.
1257 1563 1403 1597 sentiet.
1449 1565 1543 1608 Iun.,
1572 1564 1720 1607 Pigckh.

985 1620 1022 1651 et
1045 1619 1130 1661 Seg.
1153 1619 1297 1651 adesse.
1710 1611 1717 1616 ’
1736 1620 1739 1621 ’

1028 1694 1083 1726 29.
1117 1693 1335 1728 Incudibus.

984 1749 1062 1781 441.
1307 1763 1310 1766 -

1049 1838 1083 1842 —
1099 1839 1134 1843 -
1151 1823 1255 1852 decies
1272 1823 1376 1853 incudi
1393 1823 1523 1851 reddero
1539 1831 1648 1854 versus
1666 1839 1701 1844 -—

1402 1698 1492 1730 Hor.
1522 1694 1573 1731 'A-
1607 1697 1647 1729 P.
1685 1706 1720 1729 v.

984 1894 1088 1933 Apud
1125 1894 1275 1926 eundem
1303 1894 1393 1926 Hor.
1423 1893 1532 1925 etiam
1562 1893 1720 1926 alterum

982 1949 1214 1990 translatum,
1238 1957 1261 1980 a
1283 1948 1397 1980 fabi-Is
1426 1948 1596 1981 ferrariis
1618 1956 1718 1980 sum-

982 2006 1071 2045 tum,
1095 2005 1140 2035 de
1163 2003 1256 2034 lima
1278 2002 1370 2034 illud
1400 2003 1552 2044 legitur,
1574 2003 1658 2035 ibid.
1679 2012 1716 2036 v.

982 2059 1058 2091 291.
1105 2059 1211 2092 Conf.
1234 2058 1336 2089 Pont.
1360 2058 1393 2098 Ι,
1415 2058 1452 2099 5,
1477 2056 1529 2088 19.

1027 2136 1081 2167 3ο.
1115 2133 1294 2175 Scriptis.
1329 2134 1430 2167 Gott.
1446 2132 1573 2166 certis.
1609 2134 1716 2168 Goth.

982 2188 1120 2233 deficit.
1172 2186 1174 2191 ’

1027 2267 1082 2299 31.
1115 2267 1192 2299 Pal.
1203 2267 1235 2298 ε.
1251 2273 1407 2307 precor.
1418 2283 1463 2289 —
1474 2266 1520 2299 v.
1533 2266 1587 2298 32.
1610 2254 1716 2299 nabb.

979 2320 1014 2354 si
1035 2322 1156 2354 modo.
1202 2323 1303 2354 Leid.
1327 2322 1458 2354 lectus.

1025 2400 1079 2431 33.
1116 2397 1250 2430 Prima
1269 2399 1412 2441 fronte.
1469 2401 1597 2435 Scribe
1624 2398 1715 2441 prs-

979 2455 1030 2487 mi
1043 2453 1232 2494 -libelli,
1253 2465 1288 2496 q.
1312 2464 1343 2487 e.
1367 2457 1473 2497 primi
1494 2457 1713 2489 libridexv

980 2511 1064 2544 illis.
1110 2512 1237 2551 Inepte
1267 2511 1362 2543 enim
1391 2513 1424 2544 h.
1462 2512 1488 2544 l.
1511 2513 1715 2548 Metamor-

980 2567 1113 2607 phoses
1136 2565 1287 2609 libellus
1308 2570 1503 2609 vocentur,
1526 2574 1613 2607 quas
1637 2566 1715 2606 ipse

980 2623 1037 2662 11,
1068 2620 1121 2652 64.
1152 2620 1275 2652 maius
1307 2618 1595 2663 opusnppellat.
1652 2620 1743 2652 Sic,

982 2677 1031 2716 11,
1055 2676 1131 2707 549.

1057 2747 1117 2778 Sex
1152 2757 1209 2785 ego
1243 2751 1401 2780 Fastorum
1429 2750 1536 2786 scripsi
1571 2750 1713 2779 totidem·
1783 2770 1790 2775 -

1381 2802 1439 2830 que
1456 2795 1578 2823 libellos
1595 2810 1628 2815 —-

983 2851 1108 2893 Epigr.
1132 2853 1320 2884 Amorum:
