1846 3146
168 201 266 250 340

416 196 472 245 P.
509 192 732 244 0V1D11
766 185 1081 241 NASONIS
1115 182 1458 237 TRISTIUM

171 323 363 385 Quique
398 316 552 367 refert
583 316 767 382 pariter
799 312 961 362 lentos
997 309 1062 360 ad
1095 312 1300 376 pectora
1332 319 1509 365 remoS‚

237 405 297 454 In
330 415 575 451 numerum
606 397 750 464 pulsa
782 394 983 446 brachia
1015 396 1187 443 versat
1220 406 1359 455 aqua.

1630 383 1697 433 10

172 488 359 537 Fessus
392 488 446 533 ut
479 480 697 531 incubuit
727 478 905 529 baculo
940 490 1132 526 saxove
1165 471 1354 523 resedit

238 571 434 627 Pastor,
470 563 738 614 arundineo
775 561 984 611 carmine
1018 557 1198 607 mulcet
1232 569 1372 605 oves.

175 652 432 704 Cantantis
464 651 662 716 pariter,
697 647 880 713 pariter
915 642 1029 691 data
1061 655 1215 707 pensa
1250 636 1487 687 trahentis

240 735 456 786 Fallitur
489 731 703 782 ancillae
737 728 1074 794 decipiturque
1105 722 1262 774 labor.

219 905 253 938 8.
289 900 358 943 Qui
380 899 511 935 trahit.
556 900 651 941 Put.,
673 899 786 938 Mon,
806 893 908 928 Leid.

177 961 217 993 et
237 961 328 993 vett.
352 958 432 991 edd.
455 954 566 988 vehit.
587 969 633 981 --
654 952 773 994 Pingit
797 949 912 992 poeta

176 1015 211 1048 b.
232 1015 275 1057 1.,
298 1021 372 1046 non
396 1010 569 1044 describit
581 1031 595 1052 ,
617 1008 736 1041 omnia
758 1007 911 1048 elegan-

177 1072 255 1103 ter:
266 1067 430 1101 i‘nnitens
441 1065 596 1098 limosae
610 1071 752 1096 arenae
765 1069 912 1104 pronus

178 1128 249 1164 (sc.
278 1126 365 1158 fune
393 1129 504 1164 super
535 1121 721 1152 humerum
749 1118 911 1150 attracto

177 1182 260 1215 sive
289 1169 504 1219 contento);
534 1177 642 1217 atque
674 1173 745 1215 ipsi
780 1180 912 1205 versus

178 1235 320 1272 numeri
341 1233 439 1268 tardi
465 1230 645 1264 incedunt.
691 1229 819 1269 Neque
840 1227 912 1260 ali-

180 1295 239 1327 ter
268 1291 306 1324 iu
335 1288 509 1329 disticho,
539 1285 635 1327 quod
663 1283 839 1325 sequitur.
869 1298 913 1305 -

179 1348 281 1382 Fast.
303 1346 372 1388 IV,
396 1344 472 1376 29¹7.
574 1345 576 1348 '

246 1410 360 1443 Sedula
377 1408 450 1438 fune
470 1406 529 1435 viri
547 1405 690 1434 contento
707 1396 832 1431 brachia
848 1400 912 1430 las-

299 1499 359 1531 Vix
376 1497 459 1527 subit
475 1452 759 1529 adverszznia'ospita
773 1489 860 1519 navis
877 1495 913 1517 a-

579 1544 665 1575 quas.

226 1606 258 1638 9.
292 1602 445 1640 Lento-³,
467 1597 527 1641 qui
546 1603 659 1637 aegre
676 1602 746 1627 nec
761 1593 839 1627 sine
855 1593 915 1625 la-

161 1657 275 1695 ¹bore
305 1659 509 1692 moventur.
565 1653 670 1688 Conf.
697 1652 772 1684 not.
803 1650 850 1682 ad
878 1658 915 1681 v.

182 1717 237 1750 86.
267 1732 311 1737 -
341 1715 419 1746 Iun.
447 1710 569 1743 lentos
595 1706 761 1751 pariter.
818 1707 915 1738 Mor.

183 1767 499 1805 remos-lentos.

230 1838 284 1870 10.
325 1834 476 1868 Versat.
538 1832 614 1865 Pal.
652 1831 683 1864 1.
717 1831 755 1863 et
790 1830 824 1862 11
854 1828 917 1861 alii

183 1893 303 1926 Heius.
315 1889 447 1922 iactat.
466 1888 542 1921 Pal.
560 1889 608 1929 2.,
623 1886 757 1927 Guelf.,
767 1885 915 1926 Fran-2„

185 1948 274 1981 XIII
310 1945 374 1977 alii
408 1942 566 1984 Heinsii,
600 1942 743 1982 Berol.,
781 1939 861 1971 Bel.
893 1946 916 1970 a

187 2003 217 2036 1.
237 2012 306 2043 m.,
328 1999 472 2040 Dresd„
496 1999 579 2038 Seg.
608 2005 632 2028 a
656 1996 685 2028 1.
709 2005 754 2028 m.
775 1993 915 2036 pulsat.

186 2060 281 2101 Put.,
298 2058 353 2090 VI
371 2054 434 2087 alii
456 2053 578 2086 Heius.
593 2054 630 2084 et
645 2052 728 2092 Seg.
745 2059 814 2091 pro
831 2059 866 2081 v.
889 2049 915 2081 1.

186 2112 320 2147 lassat.
372 2109 481 2144 Crev.
504 2110 543 2141 et
572 2109 610 2140 11
639 2107 762 2140 Heius.
793 2103 915 2138 laxat.

233 2190 286 2223 11.
309 2191 406 2222 Mor.
426 2185 752 2229 pastor—fessus.
780 2181 919 2222 Guelr„

187 2248 266 2282 Pal.
289 2247 337 2288 2.,
359 2245 516 2284 Franc„
544 2241 668 2274 XVIII
697 2237 760 2270 alii
782 2236 919 2276 Heius„

188 2301 326 2342 Ber-ol„
355 2298 508 2340 Dresd.,
544 2296 652 2330 crev.
681 2292 756 2326 ubi
785 2289 919 2331 incub„

187 2358 224 2391 in
249 2364 353 2398 quam
374 2353 591 2396 particulam
615 2350 686 2383 dici
706 2350 781 2381 non
798 2346 921 2388 potest

189 2413 371 2455 quomodo
406 2407 634 2452 grammatici
656 2405 764 2446 *apud
798 2404 921 2436 Naso-

188 2477 270 2501 nem
293 2467 367 2499 sint
386 2464 566 2507 grassati,
587 2460 845 2495 substituentes
867 2458 921 2489 ut.

189 2525 273 2558 Vid.
297 2524 344 2555 ad
367 2523 454 2555 Her.
477 2521 562 2562 XV,
586 2519 618 2552 1.
641 2535 685 2541 -
702 2518 820 2550 Porro
843 2521 922 2547 ma-

190 2580 249 2612 ior
271 2586 358 2620 pars
377 2576 541 2609 codicum
556 2576 594 2608 et
612 2575 702 2608 vett.
715 2573 793 2605 edd.
804 2577 924 2603 saxo—

191 2643 272 2678 que.
317 2636 525 2675 Perperam.

236 2690 397 2731 Baculo,
420 2689 525 2730 pedo.
571 2686 675 2719 Pont.
699 2685 732 2726 1,
755 2684 791 2726 8,
815 2683 869 2715 53.

259 2764 329 2800 Ipse
346 2763 438 2791 velim
454 2762 563 2790 bacuio
581 2765 708 2796 pascere
732 2757 821 2785 nixus
840 2760 923 2784 oves.

193 2835 275 2868 Vid.
298 2833 404 2874 Virg.
426 2832 505 2866 Ecl.
530 2832 581 2873 V,
604 2830 657 2862 88.
677 2828 714 2860 et
725 2827 834 2868 Prop.
858 2824 927 2866 IV,

193 2893 229 2934 2,
253 2890 306 2923 39.
351 2888 455 2931 Virg.
475 2886 557 2920 Ecl.
580 2885 687 2924 VIII,
712 2882 764 2916 16.

1040 886 1220 915 Incumhens
1238 882 1329 914 tereti
1353 882 1469 956 qainon
1486 881 1532 911 sic
1549 879 1650 916 coepit
1665 886 1702 908 o·

1378 934 1457 956 ivae.

976 1001 1082 1036 Conf.
1095 998 1209 1034 Culic.
1230 1008 1266 1032 v.
1285 997 1340 1031 97.
1361 997 1399 1030 et
1419 995 1473 1029 98.
1495 995 1534 1027 et
1555 994 1702 1027 Metam.

983 1059 1015 1101 1,
1039 1057 1115 1090 679.
1380 1050 1381 1053 ’

1021 1134 1074 1167 12.
1106 1129 1254 1174 Mulcet
1275 1135 1372 1161 oves.
1410 1124 1585 1161 Nonnulli
1601 1130 1705 1166 opus.

977 1192 1067 1231 Reg.
1090 1195 1189 1221 ave-3.
1232 1185 1370 1218 Bmut.
1415 1179 1647 1222 Arunaineo,
1667 1178 1706 1212 in

978 1244 1169 1287 arundine,
1189 1242 1224 1274 b.
1245 1248 1279 1273 e.
1299 1239 1422 1274 fistula
1442 1235 1652 1270 arundinea.

1025 1311 1079 1366 13.
1103 1327 1276 1372 Pariter,
1290 1326 1454 1371 pariter,
1474 1333 1546 1359 uno
1558 1325 1707 1366 eodem-

982 1397 1053 1432 que
1075 1389 1252 1428 tempore.
1296 1384 1386 1417 Met.
1407 1382 1516 1424 VIII,
1538 1379 1615 1413 324.

1046 1462 1132 1492 uano
1148 1459 1263 1497 pariter
1279 1456 1365 1492 vidit,
1388 1454 1504 1491 pariter
1524 1453 1710 1490 Calydonius

1375 1501 1467 1543 heros

1049 1548 1182 1587 Optavit.

982 1620 1087 1655 Conf.
1123 1618 1212 1651 Met.
1246 1616 1337 1657 x11,
1373 1614 1428 1646 36.
1483 1612 1546 1646 Sic
1575 1609 1710 1645 Graeci

983 1671 1118 1718 ὁμοίως
1137 1669 1216 1716 μὲν,
1239 1665 1373 1712 ὁμοίως
1404 1663 1456 1711 δὲ,
1479 1668 1588 1700 velut
1603 1667 1710 1699 Plato

983 1734 1151 1775 Sympos.
1181 1739 1215 1770 p.
1239 1726 1312 1760 181.
1344 1725 1383 1759 C.
1435 1724 1598 1757 Pensum
1620 1730 1711 1763 pro-

982 1789 1063 1831 prie
1085 1784 1285 1825 manipulus
1307 1783 1432 1823 lanae,
1451 1787 1555 1821 quem
1570 1777 1713 1810 domina

983 1845 1061 1877 sive
1084 1847 1195 1874 serva
1216 1837 1411 1879 lanipenda
1432 1834 1532 1876 (Vid.
1551 1833 1652 1866 Paul.
1674 1832 1712 1870 in

982 1902 1026 1934 L.
1049 1898 1177 1932 XXXI.
1198 1896 1241 1928 D.
1266 1895 1310 1926 de
1332 1893 1462 1926 Donat.
1482 1890 1579 1922 inter
1608 1887 1713 1920 viros

984 1958 1020 1989 et
1034 1965 1091 1987 ux.
1104 1955 1141 1985 et
1155 1951 1277 1986 cuiae.
1290 1949 1390 1983 obss
1402 1948 1462 1980 lx.
1486 1946 1559 1981 30.)
1581 1949 1713 1975 serva-

982 2012 1050 2044 bus
1072 2007 1321 2051 appendebat,
1350 2002 1507 2036 ancillae
1528 2000 1608 2032 sive
1629 2004 1713 2029 ser-

983 2074 1054 2099 vae
1081 2065 1119 2096 in
1147 2063 1218 2096 filis
1257 2059 1420 2092 dominae
1455 2052 1713 2098 rependebant.

983 2121 1093 2159 Prop.
1116 2118 1186 2160 IV,
1208 2118 1245 2159 ⁷,
1268 2116 1321 2148 37.

1050 2194 1091 2223 Et
1124 2190 1266 2228 graviora
1298 2187 1439 2225 rependit
1474 2184 1587 2221 iniquis
1619 2187 1715 2218 pensa

1203 2277 1205 2279 ι
1384 2231 1534 2268 quasillis.

992 2307 1163 2342 Trahere
1185 2308 1226 2345 (a
1249 2304 1333 2338 colo
1355 2303 1394 2336 in
1414 2302 1495 2339 fila)
1517 2308 1587 2342 pro
1614 2285 1734 2331 neres

987 2367 1074 2399 Her.
1098 2365 1169 2405 111,
1191 2363 1251 2404 25,

1053 2437 1115 2466 Nos
1147 2436 1276 2465 humiles
1308 2434 1499 2468 famulaeque
1541 2431 1611 2457 tuae
1644 2426 1716 2454 dntn

1386 2484 1480 2514 pensa
1496 2475 1658 2516 trahemus.

989 2531 1088 2566 Fast.
1112 2532 1164 2573 11,
1188 2529 1266 2562 743.

1055 2604 1169 2633 Lumen
1188 2603 1227 2631 ad
1245 2601 1386 2637 exiguum
1404 2597 1534 2626 ramulae
1552 2594 1623 2621 data
1638 2598 1715 2627 pen-
1766 2621 1770 2625 ,

1384 2651 1418 2672 sa
1435 2640 1602 2670 trabebant.

990 2709 1128 2743 Eodem
1150 2707 1257 2739 modo
1281 2704 1466 2737 deducere
1488 2701 1544 2733 est
1554 2697 1717 2738 nenlx,

991 2766 1061 2806 77„
1084 2763 1144 2796 ubi
1163 2762 1234 2795 vid.
1252 2761 1374 2792 annot.
1397 2755 1500 2791 conf.
1513 2755 1601 2788 Met.
1612 2752 1718 2792 XIII,

992 2819 1068 2852 511.
1112 2819 1167 2851 De
1189 2825 1231 2849 re
1254 2817 1291 2848 et
1313 2809 1573 2848 consuetudine
1588 2805 1718 2839 mulie-

993 2883 1074 2910 rum
1088 2873 1124 2909 in
1134 2872 1291 2907 lanificio
1305 2868 1445 2904 laboris
1457 2865 1614 2902 taedium
1625 2864 1718 2896 tem-
