1846 3146
793 183 922 234 LIB.
957 185 1022 234 Π.

1569 185 1669 234 177

148 303 379 354 Tollatur
410 301 588 354 Circus
602 309 634 353 ε’
649 319 747 355 non
779 309 884 355 tuta
915 305 1116 355 licentia
1152 303 1289 356 Circi
1323 310 1421 356 est:

213 386 313 436 Hic
345 386 488 436 sedet
520 389 689 452 ignoto
722 390 886 438 iuncta
917 388 1087 455 puella
1119 392 1245 439 vir0.

57 479 60 480 ’
149 466 274 519 Cum
306 469 540 534 quaedam
562 466 840 538 'spatientur
867 473 922 520 in
951 471 1063 531 hac,
1092 476 1147 520 ut
1162 477 1346 522 amator
1361 471 1536 522 eodem
1569 473 1668 523 285

214 549 508 613 Conveniat,
544 568 692 618 quare
723 555 941 619 porticus
971 554 1077 602 ulla
1099 554 1282 620 patet?

146 633 269 694 Quis
301 633 444 684 locus
479 641 556 684 est
587 636 795 702 templis
811 636 1101 702 augustior?
1133 637 1278 688 Haec
1306 653 1498 708 quoque
1524 640 1664 699 vitet,

215 718 273 767 In
307 717 497 784 culpam
531 720 574 767 si
609 735 703 785 qua
735 724 812 768 est
844 722 1100 784 ingeniosa
1132 737 1280 769 suam.

148 784 279 887 Cum
285 802 491 864 steterit
523 799 661 850 Iovis
695 801 836 862 aede,
870 801 1022 852 Iovis
1041 800 1295 853 succurret
1326 804 1377 852 in
1409 802 1551 865 aede,
1611 854 1616 858 ,
1667 818 1673 833 ·

204 881 386 942 Quam
384 881 572 932 multas
605 890 783 943 matres
816 885 993 957 fecerit
1022 886 1112 936 ille
1144 885 1282 936 deus.

141 1025 212 1068 'dos
233 1028 480 1077 significatssh.
506 1034 535 1068 1.
559 1034 688 1077 poEta3
722 1035 766 1067 de
787 1044 872 1068 sce-

140 1086 232 1130 'nicis
252 1083 362 1128 ‘infra
390 1085 493 1130 dicit.
565 1089 714 1132 Quoties
751 1087 872 1125 a'utem

139 1135 218 1174 iudi
238 1140 447 1183 gladiatorii
469 1141 780 1189 instaurabantur,
808 1156 871 1179 re-

141 1189 254 1243 Jceuti
268 1190 382 1231 arena
403 1197 701 1241 amphitheatrum
725 1199 870 1235 sterness

141 1248 262 1286 batur.
305 1248 403 1287 Fast.
425 1256 493 1298 111,
515 1255 591 1288 813.

206 1325 312 1355 Altera
329 1318 420 1362 (ὕει)
439 1330 562 1364 tresque
588 1336 679 1364 super
703 1332 799 1358 strata
817 1338 870 1359 ce-

539 1373 694 1403 lebrantur
715 1383 823 1410 arena;

253 1413 386 1475 Ensibus
416 1417 545 1446 exsertis
568 1418 679 1447 bellica
707 1419 788 1448 saeta
811 1396 868 1450 dea

535 1465 592 1490 est.

128 1521 142 1571 j
182 1523 351 1562 Martia
367 1532 522 1578 propter
551 1540 692 1574 pugnas
721 1534 758 1567 e't
781 1543 865 1568 cer·
936 1528 938 1531 ’

139 1571 289 1632 tamma,
308 1592 399 1627 quae
412 1582 522 1620 Mai-ti
540 1596 656 1620 sacra.
696 1589 866 1623 ceterum

137 1631 211 1671 non
220 1634 468 1683 perleulosos
499 1642 583 1675 illos
619 1644 725 1676 ludos
763 1645 865 1689 dicit,
936 1635 940 1637 “

138 1679 231 1750 quod
256 1690 393 1736 turpes
403 1698 441 1729 et
459 1698 630 1731 obscoeni
645 1703 780 1743 essent,
799 1703 864 1734 sed

75 1744 82 1747 ’
138 1747 234 1787 quia
244 1747 346 1782 tanto
369 1752 547 1786 bominum
571 1758 753 1787 conventu
770 1757 864 1789 mul-

128 1803 181 1835 'ta
211 1799 248 1837 et
278 1806 383 1842 varia
404 1807 604 1840 bominibus
634 1809 670 1841 in
700 1811 743 1843 lis
772 1810 864 1844 locis

137 1850 288 1893 daretur
317 1863 491 1902 peccandi
522 1864 687 1907 occasio,
719 1868 758 1898 ut
785 1868 865 1898 sta-

139 1912 203 1947 tim
230 1911 267 1949 ir.
295 1916 371 1949 284.
394 1918 618 1960 explicatur.
673 1921 755 1954 vid.
784 1925 864 1957 Art.

138 1966 182 2003 ‘A-
205 1971 238 2027 ¹?
261 1967 340 2026 156.
373 2000 395 2026 '3

1564 887 1664 937 290

936 1019 980 1070 'et'
997 1038 1102 1070 Rern.
1126 1030 1266 1079 eadem,
1289 1036 1383 1078 quod
1405 1043 1597 1082 perperam
1610 1037 1667 1070 in-

940 1091 1041 1123 duxit
1063 1091 1240 1124 Heinsius.
1285 1092 1385 1125 Male
1412 1092 1520 1124 etiam
1542 1093 1664 1126 Guelf.

937 1147 1107 1180 anah&
1129 1146 1169 1179 in
1184 1147 1265 1180 Ιιοσ.
1291 1149 1414 1189 Goth„
1424 1149 1547 1190 Bern.,
1556 1149 1667 1190 nusi„

936 1201 1056 1233 Berol.
1069 1203 1107 1234 et
1122 1203 1230 1236 crev.
1242 1202 1475 1244 spatiantur.
1520 1204 1665 1237 Pirckb.

937 1254 1000 1287 ubi
1020 1263 1093 1287 aon.
1143 1258 1249 1291 Bern.
1278 1258 1318 1290 et
1346 1266 1419 1290 am.
1465 1260 1574 1301 Prop.
1594 1260 1664 1302 IV,

936 1311 974 1354 8,
995 1312 1048 1344 75.

1001 1396 1045 1425 'ru
1071 1404 1170 1433 neque
1194 1396 1337 1433 Pompeia
1373 1374 1544 1433 spatiabere
1567 1398 1667 1427 cultus

1328 1442 1360 1470 in
1383 1444 1499 1478 umbra,

1047 1485 1112 1514 Nec
1128 1493 1194 1514 cum
1212 1486 1358 1515 lascivum
1373 1490 1490 1516 sternet
1504 1495 1597 1518 arena
1615 1486 1665 1515 so-

1363 1540 1408 1567 m,

998 1574 1084 1604 Colla
1102 1582 1176 1604 cave
1193 1539 1408 1604 innectasmad
1415 1584 1560 1604 summum
1586 1575 1665 1604 obli-

1326 1629 1385 1656 qua
1407 1622 1568 1654 theatrum,
1587 1623 1646 1649 ezer

932 1688 1101 1733 Ceterum
1125 1689 1385 1722 celeberrimae
1407 1690 1572 1731 porticus
1593 1696 1662 1741 pu-

931 1737 1051 1776 blieae
1079 1747 1186 1778 erant
1220 1746 1379 1787 Pompeii
1407 1748 1533 1788 (Prop.
1564 1739 1590 1777 l.
1619 1745 1660 1791 l.,

932 1800 1018 1831 Hor.
1042 1800 1171 1842 sat.1,
1194 1800 1230 1843 4,
1255 1800 1329 1833 134.
1361 1803 1398 1833 et
1420 1803 1452 1843 1,
1475 1802 1511 1843 9,
1535 1801 1566 1833 1.
1577 1800 1660 1832 ibi-

932 1861 1001 1895 que
1035 1854 1233 1898 interpp),
1277 1857 1441 1896 porticus
1474 1856 1661 1897 Agrippae
1687 1852 1689 1854 ’

931 1911 1038 1947 (nor.
1071 1907 1186 1951 Epist.
1224 1900 1261 1954 1,
1295 1912 1335 1952 6,
1367 1912 1421 1943 26.
1451 1911 1570 1951 ibique
1602 1910 1659 1941 in-

932 1968 1084 2008 tel-ppo,
1105 1956 1271 2007 porticus
1293 1965 1474 2007 Apollinis
1498 1965 1603 2004 (Vidss
1614 1967 1660 1997 ad

853 2028 858 2031 ·
929 2022 990 2054 Tr.
1024 2021 1097 2063 111,
1136 2021 1175 2064 1,
1205 2023 1292 2064 600,
1332 2023 1494 2065 porticus
1531 2021 1659 2054 Liviae

181 2059 259 2092 288.
285 2054 463 2094 Licentia
485 2061 601 2103 G'ircn',
624 2064 740 2105 quod
729 2073 765 2097 m
777 2066 863 2099 Cir-

137 2110 183 2150 co
203 2117 373 2156 spectare
392 2116 492 2151 licet.
538 2117 672 2151 circus
698 2122 754 2152 est
777 2120 862 2154 Cir-

126 2178 202 2202 cus
223 2172 411 2217 maximus,
435 2174 493 2214 qui
515 2181 582 2214 per
608 2175 861 2207 excellentiam

134 2226 244 2260 etiam
276 2227 488 2269 simpliciter
524 2228 657 2261 Circus
694 2232 861 2271 appella-

137 2274 213 2326 tur,
232 2277 336 2326 locus
359 2283 420 2315 vel
443 2283 562 2324 potius
592 2293 705 2317 arena
726 2289 861 2319 vastis-

135 2337 240 2380 sima,
262 2334 572 2380 murisssepta‘et
599 2341 743 2372 sedibus
774 2351 861 2383 spe-

136 2394 331 2436 ctatorum,
344 2394 520 2445 gradatim
533 2386 776 2438 surgentibus,
786 2399 861 2430 cir-

136 2447 318 2490 cumdata,
362 2449 398 2480 in
428 2457 497 2489 qua
520 2449 596 2481 ludi
618 2452 753 2491 publici
776 2454 860 2493 gla-

136 2501 330 2550 diatorum,
354 2498 541 2546 equorum,
566 2503 774 2550 bestiarum,
798 2509 861 2541 alii

135 2557 373 2599 habebantur,
397 2559 456 2599 qui
484 2559 566 2592 inde
590 2561 779 2594 Circenses
803 2565 858 2596 di-

136 2611 190 2644 cti
205 2615 299 2645 suut.
343 2614 422 2647 Liv.
446 2615 472 2646 1.
497 2623 528 2646 e.
551 2615 628 2656 35.,
650 2617 755 2649 Dion.
778 2619 859 2652 Hal.

135 2667 178 2698 A.
201 2666 244 2699 B.
267 2667 330 2699 111.
374 2669 485 2710 Mon,
509 2669 615 2701 Goth.
638 2672 675 2702 et
697 2673 781 2714 Seg.
804 2674 861 2706 est

136 2721 314 2769 omittunt,
610 2734 614 2747 ·

178 2807 254 2840 885.
287 2808 439 2842 Eodem.
491 2812 566 2844 Pal.
600 2813 654 2855 2.,
698 2814 857 2864 Pirekb.,

135 2861 233 2904 lun„
262 2865 378 2907 Mor„
416 2866 510 2898 Busl.
526 2889 540 2908 ,
585 2869 621 2901 V
653 2869 714 2901 alii
736 2869 857 2904 Heius.

929 2077 1044 2114 (Fast.
1077 2077 1144 2120 V‘I,
1173 2078 1267 2116 639.)
1298 2081 1335 2110 et
1357 2078 1520 2119 porticus
1545 2077 1658 2109 octa-

927 2134 1011 2165 viae
1034 2136 1111 2172 (Tr.
1133 2135 1199 2175 111,
1214 2134 1265 2175 ⁷1,
1288 2134 1371 2170 69.)
1427 2134 1484 2164 Ad
1507 2134 1657 2164 senten-

928 2188 1014 2219 tiam
1044 2189 1140 2220 conf.
1162 2190 1241 2220 Art.
1273 2190 1315 2220 A.
1344 2190 1375 2230 1,
1399 2189 1468 2230 67„
1491 2189 1557 2229 111,
1582 2188 1657 2219 387.

930 2260 971 2265 --
994 2244 1038 2276 V.
1062 2245 1138 2276 286.
1172 2245 1248 2276 Pal.
1284 2245 1313 2276 1.
1342 2247 1379 2276 et
1407 2244 1572 2275 nonnulli
1594 2244 1658 2274 alii

928 2299 1080 2341 Heins.,'
1106 2300 1224 2332 Berol.
1256 2302 1294 2332 et
1316 2301 1400 2341 seg.
1423 2299 1505 2331 illa.
1552 2300 1657 2331 Serv.

927 2354 1064 2386 manet.

971 2443 1047 2474 288.
1082 2442 1286 2485 Inyeniosa
1329 2445 1385 2476 est
1416 2443 1456 2476 in
1491 2443 1654 2484 culpam,

927 2501 1081 2531 mentem
1113 2499 1150 2530 in
1179 2500 1356 2540 nequitias
1385 2500 1558 2532 intentam
1586 2500 1655 2531 ha-

928 2553 1004 2594 bet,
1040 2554 1076 2585 in
1098 2555 1272 2594 nequitias
1297 2562 1413 2595 prona
1435 2557 1502 2587 est.
1548 2556 1655 2597 Cous.

927 2617 962 2639 v.
985 2609 1059 2641 342.
1106 2611 1210 2641 Mor..
1225 2608 1437 2642 ambitiosa.

967 2695 1043 2727 289.
1077 2694 1167 2727 Cum
1189 2696 1347 2729 steterit.
1391 2701 1495 2732 Bern.
1511 2700 1653 2732 consti-

926 2747 1028 2780 terit.
1049 2750 1131 2783 vid.
1143 2761 1178 2783 v.
1189 2753 1266 2786 2³9.
1300 2755 1379 2787 Bel.
1394 2763 1466 2787 con
1490 2756 1653 2788 steterit.

925 2820 969 2829 -·
989 2806 1073 2838 Pal-
1091 2806 1121 2838 1.
1167 2807 1271 2840 Iovis
1292 2810 1531 2843 succurrerit
1555 2810 1626 2843 ide.

969 2873 1118 2915 Templa
1139 2876 1236 2909 lovis
1259 2878 1297 2908 et
1311 2877 1457 2909 lunonis
1470 2878 1505 2910 in
1529 2879 1652 2909 monte

1335 2930 1386 2972 12
