1846 3146
189 187 287 235 450

451 187 506 234 Ρ.
543 187 764 241 OVIDII
800 186 1115 239 NASONIS
1153 188 1495 241 TRISTIUM

189 302 449 368 „Arbiter
462 273 662 374 imperii,
701 325 796 373 quo
831 316 1012 359 eertum
1048 315 1125 359 est
1157 298 1346 377 sospite
1379 310 1591 362 cunetas

256 392 544 452 „Ausoniae
580 407 740 444 euram
774 395 936 456 gentis
969 392 1150 443 habere
1185 393 1321 444 deos.

188 473 267 535 „O
304 474 472 535 deeuS‚
510 490 540 523 o
574 476 761 541 patriae
794 491 883 541 per
915 481 966 524 te
999 476 1218 524 florentis
1251 478 1457 541 imago‚‘

253 556 332 618 „O
368 559 448 606 vir
481 572 578 606 non
611 559 735 623 ipso,
773 573 912 622 quem
945 560 1094 621 regis,
1130 558 1250 612 orbe
1283 560 1453 619 minor,
1486 583 1555 594 -

1646 558 1712 608 50

187 638 312 700 „Sic
345 639 536 690 habites
569 646 741 701 terras,
777 642 851 690 sie
884 645 934 690 te
969 639 1220 690 desideret
1259 640 1444 701 aether,

254 721 380 785 „Sic
413 723 477 772 ad
510 728 655 789 pacta
687 723 775 773 tibi
811 722 976 772 sidera
1010 723 1178 773 tardus
1212 738 1322 773 eas:
1422 774 1425 776 ,

187 806 405 868 ‚‚Paree,
450 814 650 872 precor,
689 808 1020 871 minimamque
1062 811 1147 855 tuo
1187 806 1251 855 de
1294 805 1495 857 fulmine
1526 823 1642 874 par-

1045 894 1140 937 tem

250 972 467 1034 „Demez
502 973 622 1020 satis
655 964 862 1037 poenae,
896 969 1027 1036 quod
1060 971 1332 1038 superabit,
1367 973 1475 1022 erit.

186 1056 300 1116 „Ira
334 1053 527 1120 quidem
559 1053 810 1103 moderata
842 1059 925 1102 tua
957 1058 1048 1115 est,
1087 1056 1328 1120 vitamque
1363 1053 1562 1117 dedisti,

1644 1053 1710 1104 55

251 1138 399 1199 „Nee
430 1136 544 1185 mihi
577 1139 653 1186 ius
687 1137 830 1198 civis,
866 1151 959 1186 nee
991 1137 1106 1186 mihi
1140 1153 1315 1187 nomen
1347 1137 1511 1200 abest3

183 1220 332 1282 „Nee
364 1235 471 1268 mea
505 1235 743 1269 concessa
776 1224 854 1269 est
886 1219 998 1268 aliis
1035 1220 1247 1283 fortuna,
1282 1235 1376 1271 nee
1410 1219 1557 1271 exsul

251 1303 453 1365 „Edieti
488 1303 655 1353 verbis
688 1303 909 1362 nominor
941 1304 1050 1369 ipse
1082 1305 1178 1353 tui.

180 1478 238 1512 se,
261 1467 433 1501 absentia
448 1468 618 1501 mumma
635 1469 744 1510 dieit3
767 1477 836 1502 nee
858 1470 912 1502 sie

181 1528 319 1559 temere
340 1525 525 1565 scriptura
556 1524 711 1556 omnium
733 1524 911 1557 librorum

180 1582 390 1614 abiicienda.
425 1595 468 1602 —
496 1579 596 1612 Leid.
630 1578 700 1611 keu
728 1587 912 1620 praesens

178 1634 409 1678 praesentia.
453 1637 542 1669 Exe.
565 1636 672 1668 Voss.
695 1633 859 1667 celestia.

223 1702 314 1736 Cum
337 1702 438 1734 Iove.
484 1703 517 1743 Ι,
540 1703 576 1743 5,
599 1700 655 1754 ⁷35-
713 1699 828 1732 Posse
849 1700 909 1731 lo-

178 1756 253 1800 qui.
298 1757 381 1790 Vid.
406 1758 452 1790 ad
475 1759 524 1799 11,
547 1753 662 1794 204ἄν

221 1844 275 1876 47.
309 1841 467 1875 Arbiter
494 1840 655 1883 imperii.
709 1840 798 1876 Cum
827 1831 907 1874 toto

176 1900 247 1932 hoc
278 1899 365 1931 loco
408 1900 503 1933 conf.
537 1901 596 1941 ΙΙ,
629 1899 705 1931 156.
738 1906 837 1938 seqq.
869 1900 907 1930 et

176 1956 278 1988 Pont-
302 1956 360 1996 11,
394 1954 431 1996 8,
465 1955 518 1998 23.
555 1962 670 1996 seqq„
700 1956 789 1986 Met.
822 1955 907 1995 XV,

175 2010 271 2051 868..
290 2011 379 2042 Hor.
403 2010 468 2042 od.
500 2011 533 2051 1,
562 2010 599 2050 2,
622 2009 676 2040 45.
706 2025 748 2030 -
783 2009 828 2042 V.
852 2008 906 2041 49.

178 2066 273 2100 Gall.
284 2063 477 2108 fulyentiS.
509 2064 586 2096 Pal.
598 2064 629 2095 1.
639 2060 794 2104 patriae
805 2070 905 2102 par-

176 2131 218 2156 ce
235 2120 409 2164 florentis
430 2119 564 2160 imayo.

217 2209 272 2242 51.
306 2207 372 2240 Sic
394 2206 538 2240 habites
560 2207 702 2239 terras.
754 2207 834 2240 Vid.
858 2207 905 2239 ad

173 2266 225 2307 ΙΙ,
249 2265 324 2297 159.
347 2266 385 2296 et
407 2264 503 2296 conf.
526 2264 577 2304 11,
601 2262 655 2294 57.
677 2279 720 2284 -
743 2261 904 2295 Deside-

171 2321 236 2353 ret
258 2320 306 2361 te,
331 2319 511 2352 desiderio
534 2318 588 2351 tui
607 2318 785 2350 teneatur.
845 2340 848 2343 Δ

217 2376 324 2408 Goth.
354 2383 377 2406 a
405 2375 437 2407 2.
460 2383 522 2416 m.,
552 2375 588 2405 11
610 2372 747 2414 Heius,
770 2373 825 2404 ed.
847 2380 903 2413 pr.

170 2429 293 2464 Heius.
307 2433 344 2463 et
355 2430 520 2471 reliquae
543 2430 633 2461 vett.
653 2429 731 2460 edd.
754 2431 904 2470 praeter

169 2488 309 2519 Bonon.
325 2487 483 2527 terram,
503 2483 559 2516 sic·
582 2485 627 2516 te.
649 2499 695 2509 ·—-
713 2486 834 2527 Rern„
847 2485 904 2517 111

170 2542 320 2584 Heins.,
354 2542 483 2576 Dresd.
520 2541 660 2581 terras,
688 2539 744 2573 sic
784 2541 830 2572 te.
858 2556 904 2562 —-

167 2598 327 2644 Bersm.2
355 2599 451 2630 Mor.
461 2619 475 2639 ,
507 2599 601 2639 Iun„
632 2604 710 2627 exc.
732 2596 841 2628 Voss.
865 2598 902 2627 et

168 2653 222 2684 111
245 2652 307 2684 alii
330 2652 453 2685 Heins.
476 2652 520 2684 ut
542 2653 589 2684 te.
636 2653 745 2684 Unus
762 2658 830 2682 nec
853 2651 899 2682 te.

166 2707 325 2749 Reliqui,
349 2710 451 2740 certe
474 2707 660 2749 permulti,
683 2708 723 2738 ut
740 2707 900 2748 videtur,

166 2763 300 2795 habent
334 2762 371 2793 et
400 2762 448 2794 te.
501 2761 747 2802 Retinuimus,
782 2762 900 2792 donee

166 2819 312 2851 codices
337 2818 542 2859 diligentius
574 2816 718 2849 excussi
747 2815 898 2857 fuerint,

166 2872 369 2914 vulgatam,
390 2879 482 2913 quae
505 2871 593 2904 mihi·
610 2872 721 2905 etiam
744 2871 895 2912 elegan-

978 1469 1051 1503 tior
1073 1447 1239 1512 videtur,
1268 1472 1309 1503 ut
1338 1470 1376 1503 in
1404 1477 1504 1503 nova
1530 1477 1575 1504 re
1598 1470 1722 1506 etiam.

976 1523 1032 1557 sic
1055 1525 1092 1557 te
1113 1528 1316 1567 repetatur.

1020 1593 1074 1625 52.
1113 1593 1264 1626 Tardus
1286 1599 1360 1624 eas.
1403 1591 1524 1624 Serus
1545 1598 1611 1623 eas
1625 1591 1704 1632 qui-

976 1649 1072 1691 dam,
1095 1650 1190 1690 quod
1212 1647 1358 1680 fluxisse
1379 1647 1525 1679 videtur
1547 1654 1594 1678 ex
1615 1647 1705 1679 Hor.

976 1703 1041 1736 Od.
1066 1705 1098 1745 1,
1127 1704 1163 1745 2,
1193 1702 1246 1735 44.
1269 1702 1330 1735 ubi
1360 1703 1405 1734 de
1433 1702 1599 1742 Augusto
1629 1703 1706 1734 est:

975 1765 1083 1790 serus
1103 1756 1143 1790 in
1166 1758 1310 1790 coelum
1327 1755 1473 1802 redeas.
1506 1758 1606 1789 Unus
1617 1756 1703 1789 Vat.

960 1806 1079 1845 'sidus
1100 1821 1174 1845 eas.
1219 1814 1326 1845 Rern.
1344 1810 1400 1843 sic
1421 1811 1461 1843 tu
1481 1810 1617 1843 taraus
1640 1818 1706 1842 eas

974 1870 1027 1901 ad
1046 1868 1176 1901 sidera
1195 1868 1315 1909 pacta
1337 1864 1414 1899 tibi.
1435 1882 1479 1891 ·—
1501 1868 1557 1900 De
1573 1867 1705 1907 Augu-

972 1925 1071 1966 gusti
1093 1925 1234 1957 honore
1257 1923 1351 1955 coeli
1374 1929 1420 1955 ac
1442 1922 1582 1963 sidere,
1605 1921 1704 1962 pleni

971 1982 1055 2018 sunt
1076 1980 1175 2012 illius
1190 1979 1321 2021 aetatis
1332 1977 1477 2019 poetae.
1500 1977 1583 2010 Vid.
1597 1976 1703 2019 Virg.

972 2035 1107 2076 Georg.
1131 2036 1163 2076 Ι,
1185 2027 1238 2067 24.
1261 2041 1376 2075 seqq„
1393 2033 1482 2065 Hor.
1505 2032 1530 2065 1.
1551 2033 1594 2075 1.,
1610 2034 1702 2067 Met.

971 2090 1056 2132 XV,
1079 2090 1156 2122 449.
1492 2134 1494 2136 v

1014 2155 1068 2186 53.
1101 2155 1202 2188 Leid.
1242 2156 1280 2187 et
1319 2154 1427 2187 Goth.
1467 2152 1703 2195 nimiamque.

972 2209 1075 2242 Conf.
1098 2219 1133 2241 v.
1157 2210 1210 2241 19.
1234 2212 1272 2241 et
1294 2209 1348 2241 20.
1363 2211 1401 2242 et
1411 2202 1492 2252 Ϊ,-1,
1505 2210 1556 2242 72.
1587 2207 1702 2251 Quam

948 2258 1063 2297 'vero
1098 2268 1240 2306 partem
1272 2265 1364 2297 demi
1397 2265 1513 2307 velit,
1538 2265 1702 2306 sequitur

971 2329 1006 2352 v.
1030 2320 1083 2352 73.

1014 2399 1068 2428 55.
1107 2394 1309 2438 Vitamqau
1336 2395 1485 2429 dedisti.

970 2452 1038 2493 1v,
1061 2451 1098 2494 4,
1120 2451 1173 2484 45.

1013 2529 1066 2561 57.
1099 2528 1280 2560 Fortuna
1305 2530 1542 2571 singulariter
1564 2537 1632 2570 pro
1655 2536 1699 2561 re

968 2584 1140 2616 familiari
1169 2586 1226 2616 est
1258 2586 1365 2618 etiam
1394 2587 1518 2618 Amor.
1551 2585 1626 2625 111,
1661 2583 1698 2626 7,

968 2640 1042 2682 49.,
1071 2642 1161 2681 Nep.
1190 2642 1266 2672 Att.
1297 2649 1327 2673 c.
1357 2640 1411 2672 21.
1441 2642 1479 2672 et
1517 2639 1634 2672 Aleih.
1664 2647 1695 2671 c.

967 2695 1014 2737 9.,
1026 2695 1085 2727 ubi
1098 2694 1167 2727 vid.
1180 2696 1308 2728 Bremi.
1340 2696 1423 2728 Vid.
1435 2695 1542 2727 etiam
1554 2694 1697 2727 Ruhnk-

965 2752 1012 2782 ad
1041 2751 1175 2783 Vellei.
1206 2753 1251 2783 11.
1283 2759 1314 2783 c.
1345 2752 1376 2782 6.
1406 2751 1444 2782 et
1472 2749 1625 2782 Schmid.
1649 2749 1696 2782 ad

966 2807 1053 2839 Hor.
1077 2806 1190 2846 Epist.
1214 2808 1244 2849 Ι,
1268 2810 1304 2849 5,
1334 2806 1387 2838 12.

1009 2871 1062 2902 58.
1099 2869 1238 2903 Edicta
1272 2872 1335 2912 μ,
1359 2871 1434 2903 135.

1541 2398 1625 2431 vid.
1637 2399 1644 2405 ’
1654 2399 1702 2432 ad
