1846 3146
181 179 279 228 322

437 175 494 227 P.
529 173 752 242 ovmn
785 174 1101 228 NASONIS
1136 174 1478 228 'rmsrmM

182 300 426 364 Prataque
457 299 730 366 pubescunt
761 301 1006 348 variorum
1038 298 1161 348 flore
1195 293 1439 361 colorum3

247 382 557 448 Indocilique
590 382 776 447 loquax
809 386 1003 447 gutture
1035 386 1212 432 vernat
1245 383 1368 431 avis.

182 466 345 531 thue
378 466 535 515 malae
570 467 750 515 crimffll
782 468 946 515 matris
982 464 1195 532 deponat
1227 462 1453 525 hirundo,

250 547 356 599 Sub
390 549 609 601 trabibus
645 564 795 599 cunas
827 563 1079 616 parvaque
1112 552 1245 598 tecta
1274 546 1409 597 facit.

183 698 335 752 Bel-sm„
357 709 413 743 Vl
434 710 589 743 aliorum
617 711 740 743 Heius.
763 711 801 743 et
822 712 913 743 vett.

184 764 265 796 edd.

249 827 393 863 Ruraque
415 834 493 864 quae
515 830 599 858 nullo
622 833 695 859 nata
719 833 841 861 serente
858 839 915 861 ve-

579 874 663 902 hun&

185 942 244 994 lta
265 940 375 974 etiam
397 940 491 974 alius
513 942 638 976 Heius,
649 945 686 976 et
696 942 822 986 Crem,
845 942 914 976 nisi

184 997 282 1039 quod
307 1003 494 1038 pomaque
521 999 664 1032 habent.
692 1015 737 1023 —-·
763 1000 914 1042 Nauge-

184 1048 263 1087 r‘ius
287 1052 407 1085 dedita

251 1126 394 1162 Ruraque
419 1134 497 1164 quae
518 1128 603 1156 nullo
625 1130 697 1156 nata
719 1131 841 1157 serente
866 1128 914 1157 fe-

579 1174 659 1200 runh

187 1240 254 1275 Cui
276 1240 442 1283 proxime
471 1240 614 1273 accedit
642 1248 733 1272 unus
763 1239 915 1283 Helnsii,

185 1296 255 1328 nisi
285 1297 379 1338 quod
405 1304 522 1336 poma
548 1304 623 1328 ser.
653 1296 782 1338 habet,
811 1298 848 1328 et
879 1297 915 1328 11

185 1352 251 1385 alii
273 1352 333 1393 qui
351 1360 537 1394 pomaque
559 1360 593 1394 q.
613 1360 649 1383 n.
667 1358 768 1382 rura
790 1358 818 1382 s.
839 1350 870 1393 f.

229 1409 287 1452 ᾼᾱ
298 1409 511 1441 sententiam
525 1405 834 1449 praestantissima
847 1407 915 1439 mi-

185 1463 223 1496 hi
244 1464 403 1506 videtur,
433 1473 538 1505 quam
567 1462 705 1504 recepi,
728 1471 834 1503 quum
857 1464 938 1513 ³¹--

186 1520 268 1551 tera
292 1519 358 1551 illa
380 1519 483 1551 nimis
506 1520 679 1551 universa
699 1518 762 1559 sit,
784 1520 824 1550 ut
837 1520 915 1562 viX,

186 1583 276 1615 quos
316 1575 426 1606 flores
456 1575 519 1606 aut
548 1574 679 1606 herbas
711 1574 915 1606 odoriferae

185 1629 299 1671 poeta
321 1630 545 1670 potissimum
568 1629 765 1662 ob-oculos
778 1629 916 1661 habue-

184 1686 251 1727 rit,
268 1686 442 1717 invenias.
487 1683 697 1726 Quanquam
715 1685 839 1725 paullo
857 1685 915 1716 in-

185 1740 362 1772 solentius
402 1741 537 1774 dictum
577 1742 633 1772 est
666 1740 776 1770 terra
803 1738 916 1782 vehit,

187 1805 257 1837 pro
279 1794 399 1836 ραν-ἰὴ·
429 1804 510 1828 nam
533 1795 666 1829 Tibulli
693 1796 800 1828 locus
823 1798 856 1838 1,
880 1796 916 1839 4,

187 1852 240 1883 65.
253 1873 267 1893 ,
312 1859 415 1892 quem
455 1859 524 1892 pro
564 1859 609 1883 eo
643 1859 710 1883 usu
743 1851 919 1884 excitavit

187 1907 353 1940 Merkel:

252 1995 585 2002 ———————
600 1982 668 2009 dum
686 1981 796 2009 robora
813 1981 916 2014 tellus,

302 2025 380 2053 Dum
403 2025 521 2054 eoelum
543 2026 660 2058 stellas,
687 2025 756 2052 dum
773 2025 865 2053 vehet
881 2032 916 2052 a-

584 2069 661 2097 mnis
680 2075 774 2104 aquas
792 2083 826 2088 —

188 2146 255 2179 per
283 2146 457 2180 zeugma,
487 2138 582 2179 quod
610 2137 760 2178 vocant,
795 2136 915 2177 expli-

189 2194 325 2226 candus
347 2195 414 2226 est.
467 2194 540 2226 Sed
573 2192 766 2225 insolentia
789 2194 826 2224 et
846 2200 915 2224 au-

189 2249 295 2281 dacia
316 2257 390 2281 non
411 2257 479 2289 pro
501 2249 605 2280 falsis
629 2249 723 2288 apud
734 2250 916 2281 Nasonem

188 2305 362 2337 habenda.
413 2303 576 2336 Rustica
603 2312 672 2344 pro
701 2304 778 2335 sine
803 2304 917 2346 cultu,

189 2359 343 2410 agresti:
368 2359 426 2391 cui
447 2360 652 2401 explicandi
682 2367 791 2391 eausa
813 2360 917 2391 addi-

188 2416 265 2447 tum
286 2415 392 2462 nullo
414 2414 578 2456 serente,
613 2415 722 2455 plane
752 2416 792 2447 ut
813 2415 916 2457 Virg.

189 2471 268 2504 Eel.
291 2470 342 2512 V,
365 2472 396 2503 6.

255 2546 328 2575 Sive
357 2545 412 2573 sub
436 2536 573 2573 ¹incertas
603 2543 748 2579 Zephyris
774 2543 916 2572 motanti-

583 2588 639 2616 bus
657 2588 787 2621 umbras,

255 2677 328 2708 Sive
345 2680 430 2706 antro
448 2678 550 2713 potius
567 2677 766 2707 succedimus.

191 2748 295 2782 Gonf.
318 2749 421 2779 Pont.
444 2749 512 2790 IV,
534 2748 570 2798 2¹,
595 2749 647 2780 18.
667 2764 709 2770 -—
726 2748 803 2779 Put.
826 2755 862 2777 v.
885 2745 917 2777 6.

189 2814 263 2838 non
285 2804 450 2837 habebat.
495 2804 540 2836 V.
563 2803 596 2835 7.
618 2805 738 2845 Rern„
756 2802 855 2835 Leid.
879 2803 917 2833 et

190 2861 270 2896 Bel.
291 2858 427 2892 vir-esc.
472 2858 567 2891 Busl.
591 2860 629 2890 et
652 2858 747 2892 Gall.
766 2857 914 2899 flore-vc.

1639 546 1706 597 10

1023 710 1054 742 8.
1093 708 1248 749 Ver-nat,
1270 708 1420 750 elegans
1438 705 1599 739 verbum.
1630 706 1707 739 Eo·-

981 767 1060 798 dem
1083 766 1189 798 modo
1212 766 1361 797 Plautus
1388 762 1554 795 vernant
1574 761 1706 794 avicu-

980 820 1052 853 lae.
1097 823 1184 854 Met.
1206 821 1293 863 vn,
1315 819 1391 852 284.
1408 818 1547 851 vernat
1562 817 1706 849 humus.

979 877 1166 909 Paullinus
1197 884 1306 908 earm.
1328 875 1411 908 VII.
1433 873 1586 907 vocibus
1616 880 1708 905 ver-

978 940 1076 964 nare
1097 930 1426 973 navim—Fratue„
1447 931 1542 963 Busl.
1565 931 1602 963 et
1615 930 1708 963 VIII

980 987 1044 1019 alii
1076 988 1199 1019 Heius.
1231 983 1388 1018 canta&
1435 986 1490 1017 ΠΙ
1519 984 1642 1019 Heius.
1670 984 1710 1016 et

980 1044 1086 1075 Bern.
1107 1040 1247 1084 yar-rit.

1024 1107 1210 1150 Indue-ili,
1244 1115 1318 1142 non
1346 1107 1467 1140 docto.
1512 1105 1618 1142 conf.
1639 1107 1710 1150 1v,

981 1163 1018 1206 1,
1039 1164 1070 1197 6.
1659 1174 1665 1189 =
1695 1181 1698 1183 -

1025 1241 1057 1274 9.
1085 1239 1166 1282 „Et
1185 1238 1360 1282 hirundo,
1372 1246 1467 1282 quae
1480 1247 1593 1282 quum
1605 1234 1709 1273 Pro-

979 1304 1052 1338 que
1073 1297 1197 1329 adhuc
1219 1295 1316 1327 esset
1332 1293 1485 1337 femina,
1498 1294 1575 1326 tam
1595 1303 1711 1327 saeva

978 1350 1057 1393 fuit
1083 1351 1207 1383 mater
1237 1351 1346 1389 (Vid.
1374 1351 1421 1382 ad
1453 1351 1503 1392 11,
1533 1350 1642 1393 3893,
1663 1359 1711 1384 ne

982 1405 1146 1446 amplius
1169 1405 1312 1438 crimen
1333 1406 1459 1438 malae
1479 1405 1617 1438 matris
1638 1407 1709 1438 Ιια-

982 1461 1083 1502 beat,
1113 1462 1218 1502 apud
1245 1461 1348 1503 ipsos
1377 1460 1542 1494 homines
1568 1460 1608 1493 in
1638 1462 1709 1494 do-

980 1515 1099 1548 mibus
1127 1516 1192 1548 sub
1226 1516 1399 1561 trabibus
1433 1516 1564 1550 nidum
1599 1517 1711 1559 ponit

980 1570 1189 1613 sobolisque
1201 1579 1366 1604 amorem
1378 1571 1579 1604 ostendit.“
1603 1572 1708 1606 Conf.

980 1626 1079 1658 Fast.
1102 1628 1154 1668 11,
1176 1627 1252 1660 863.
1275 1645 1319 1650 -
1340 1630 1417 1660 Iun.
1438 1629 1476 1660 et
1487 1629 1608 1661 Guelf.
1620 1629 1710 1661 mal.

980 1681 1096 1712 matr.
1125 1681 1232 1715 crim.
1289 1685 1378 1726 Reg.
1415 1683 1523 1715 crim.
1562 1685 1710 1717 volucr.
1728 1686 1733 1690 '

982 1737 1082 1770 Leid.
1105 1737 1212 1769 crim.
1236 1737 1416 1780 Prognes.
1457 1739 1537 1771 Bel.
1555 1740 1710 1772 malum.

1026 1816 1080 1849 10.
1113 1814 1189 1851 Sub
1213 1814 1393 1848 trabibus.
1442 1816 1542 1871 Iffast.
1563 1817 1602 1859 1,
1634 1817 1710 1850 157.

1049 1890 1122 1918 Tum
1139 1888 1242 1931 blandi
1260 1890 1352 1924 soles,
1369 1889 1533 1926 ignotaque
1544 1890 1646 1926 prodit
1661 1891 1711 1919 hi-

1098 1977 1139 2005 Et
1155 1978 1269 2006 luteum
1288 1979 1370 2008 celsa
1379 1935 1554 2007 widenaho
1570 1978 1658 2014 fingit
1672 1986 1711 2011 9-

1374 2029 1441 2057 pus.

981 2079 1084 2121 Virg.
1108 2080 1243 2121 Georg.
1265 2081 1332 2123 IV,
1355 2081 1430 2113 306.

1046 2188 1174 2217 Garrula
1197 2195 1285 2224 quam
1310 2188 1402 2223 tignis
1425 2188 1527 2216 nidum
1553 2148 1712 2224 suspessilzitit

1375 2233 1516 2261 hirundo.

982 2301 1036 2334 IV
1058 2300 1179 2333 neins.
1200 2299 1319 2334 nidos.
1364 2301 1459 2344 Bel„
1471 2301 1575 2344 Reg.‚
1587 2303 1708 2346 Berm,

982 2358 1076 2399 Put.,
1098 2356 1174 2404 Pal.
1204 2358 1236 2390 2.
1267 2359 1304 2389 et
1332 2359 1423 2390 vett.
1454 2351 1533 2389 edd.
1560 2364 1709 2399 parva-

982 2420 1052 2454 que
1075 2413 1184 2444 tecta.
1236 2413 1394 2455 Reliqui,
1426 2413 1533 2445 etiam
1562 2414 1708 2455 Dresd.,

981 2468 1095 2510 Busl.,
1109 2468 1228 2500 Berol.
1242 2470 1278 2500 et
1296 2467 1405 2499 crev.
1426 2467 1595 2510 tectaque
1608 2477 1709 2508 par-

981 2531 1042 2555 va.
1090 2523 1179 2556 Sola
1199 2522 1361 2555 codicum
1381 2523 1613 2564 auctoritate,
1625 2523 1710 2555 utra

982 2587 1074 2612 vera
1095 2579 1157 2621 sit,
1176 2579 1456 2619 diiudicandum3
1478 2584 1559 2610 nam
1580 2585 1709 2618 parva

984 2635 1090 2666 etiam
1118 2635 1162 2666 ad
1194 2641 1311 2665 cunas
1335 2633 1478 2665 referre
1498 2634 1639 2666 minime
1662 2642 1707 2669 o-

983 2700 1049 2732 pus
1072 2693 1142 2732 est,
1166 2692 1204 2722 et
1225 2689 1256 2721 si
1271 2689 1499 2721 referendum
1513 2691 1625 2731 esset,
1648 2690 1708 2722 ta-

983 2755 1064 2780 men
1096 2752 1295 2788 parvaque
1322 2744 1423 2776 tecta
1461 2743 1532 2775 dici
1570 2744 1706 2784 posset.

983 2803 1088 2836 conf.
1110 2804 1142 2844 1,
1164 2802 1200 2844 8,
1224 2800 1277 2833 81.
1300 2801 1367 2843 32„
1389 2799 1553 2833 Honod.
1575 2801 1625 2841 11,
1648 2799 1706 2841 13,

983 2856 1035 2890 18.
1080 2857 1163 2890 vid.
1185 2858 1261 2890 not.
1282 2858 1328 2890 ad
1350 2856 1457 2890 Trist.
1480 2857 1549 2897 111,
1571 2855 1629 2896 12,
1649 2854 1705 2887 28.
