1846 3146
232 188 298 236 34

475 191 790 241 P.0V1D11
824 191 1142 243 NASONIS
1178 193 1520 247 TRISTIUM

235 309 294 358 Si
330 314 437 375 quis
471 287 579 373 erit,
615 317 695 378 qui
731 295 795 374 te,
833 317 945 380 quia
977 318 1047 364 sis
1078 331 1226 376 meuS,
1263 332 1376 365 esse
1409 317 1669 383 legendum
1703 320 1767 370 65

299 394 418 443 Non
452 402 602 461 putet,
644 412 672 445 e
706 400 892 462 gremio
927 400 1211 463 reiiciatque
1245 415 1366 448 suo·
1353 435 1366 460 ‚

234 478 521 544 ‚‚Inspice“‚
559 479 656 540 dic,
693 480 948 541 „titulumz
984 476 1082 530 non
1107 499 1210 530 sum
1234 467 1528 549 praeceptor
1563 488 1768 547 amoris3

302 560 468 620 „Quas
503 564 690 622 meruit,
714 560 912 629 'poenas
946 567 1039 613 iam
1074 564 1212 613 dedit
1245 565 1373 614 illud
1407 570 1582 632 opus.“
1616 594 1684 603 —-

234 643 468 692 Forsitan
500 651 782 711 exspectes,
818 664 879 695 an
914 649 964 696 in
999 648 1100 696 alta
1131 646 1315 714 palatia
1348 651 1544 699 missum

302 726 560 778 Scandere
591 733 642 777 te
676 730 866 780 iubeam
902 728 1294 796 Caesareamque
1330 730 1533 781 domum.

234 864 374 902 putant.
419 864 515 894 Mor.
523 883 538 904 ,
575 862 621 894 fr.
660 864 750 895 Rev.
790 863 961 897 crimina.

234 917 350 960 Leid.,
373 918 484 960 Mor„
507 918 554 950 fr.
577 919 667 951 Rev.
691 918 855 951 laedent.

279 1000 334 1032 64.
363 999 452 1032 Non
482 1001 589 1043 sunt,
623 1002 676 1033 ut.
733 1003 840 1034 Serv.
871 1011 963 1035 car-

232 1054 336 1087 mina
365 1063 462 1097 quae
484 1056 689 1099 quondam,
721 1065 743 1089 a
765 1059 797 1091 2.
821 1067 866 1091 m.
896 1067 965 1092 nec

232 1111 323 1143 sunt
356 1112 411 1143 ut.
470 1112 615 1146 Pirckh.
645 1121 721 1145 non
757 1122 874 1154 super
910 1114 964 1146 ut.

234 1167 331 1199 Gall.
363 1176 458 1210 quae
481 1169 568 1201 sunt
586 1167 640 1200 ut.
686 1169 867 1201 Busl.nec
877 1169 968 1202 sunt

232 1223 278 1256 ut
297 1225 359 1256 vel
382 1232 451 1256 nec
471 1222 580 1255 sicut.

253 1345 256 1348 Δ
276 1308 330 1339 65.
356 1305 452 1346 Quia
472 1304 526 1338 sis
545 1312 659 1337 meus·
706 1307 768 1339 Sic
790 1307 836 1340 fr.
859 1308 965 1353 Rev„

232 1364 387 1403 uterque
410 1363 504 1404 Pol„
527 1363 604 1394 Pal.
633 1362 682 1404 2.,
707 1363 836 1404 serv„
869 1361 965 1393 Busl.

233 1419 272 1449 et
292 1419 377 1450 XIII
400 1418 463 1449 alii
484 1417 606 1450 Heius.
630 1426 710 1450 cum
726 1418 885 1450 eiusdem
909 1419 965 1449 ed.

232 1480 288 1512 pr.
321 1474 358 1504 et
389 1471 444 1504 ed.
476 1474 637 1516 Bonon.‚
667 1476 798 1516 Bern.‚
829 1473 966 1515 Guelf„

233 1528 334 1570 seg„
357 1528 454 1570 Rei„
477 1529 599 1561 Berol.
609 1551 623 1571 ‚
647 1529 755 1563 Crev.
778 1532 816 1562 et
837 1529 967 1561 Dresd.

234 1600 277 1605 —-
298 1585 375 1616 Pal.
399 1583 431 1616 1.
455 1592 542 1625 qua,
566 1592 598 1624 q.
621 1591 652 1615 e.
678 1583 779 1625 quia.
803 1583 967 1623 Reliqui:

232 1640 344 1681 quod.
391 1641 463 1671 Sed
489 1647 553 1671 nos
572 1638 732 1671 dedimus
749 1638 851 1681 quia,
874 1638 970 1678 quod

232 1695 408 1727 maiorem
444 1695 549 1726 fidem
586 1694 696 1726 habet
736 1694 901 1727 codicum
933 1695 971 1726 et

233 1749 359 1790 paullo
405 1750 632 1782 numerosius
679 1751 737 1782 est
772 1750 870 1782 inter
904 1750 971 1782 illa

233 1805 501 1845 monosyllaba.
802 1801 809 1805 ’

278 1887 332 1918 66.
362 1885 399 1917 Ε
425 1886 570 1926 ,ςινεηιὶο
611 1891 754 1929 spectat
790 1891 836 1921 ad
874 1890 971 1922 anti-

234 1949 338 1981 quam
367 1942 521 1973 formam
551 1942 751 1986 librorum,
777 1945 861 1987 qui,
892 1954 972 1978 cum

233 1995 342 2027 valde
364 1996 467 2037 longi
497 2000 639 2040 essent,
669 1999 769 2036 (Vid.
795 2001 841 2031 ad
863 2010 898 2033 v.
922 2002 971 2038 5.)

234 2051 406 2083 facillime
435 2060 555 2093 super.
589 2054 729 2094 gremio
772 2054 973 2089 sedentium

233 2108 297 2138 aut
325 2109 454 2139 vetere
482 2116 586 2140 more
614 2108 806 2142 iacentium
842 2112 972 2142 exten-

233 2162 423 2194 debautur.

277 2224 356 2255 Put.
387 2225 426 2255 et
461 2223 559 2256 Gall.
586 2223 853 2266 proiiciatque.
877 2227 973 2258 Mor.

230 2271 491 2319 proiicietque.
544 2280 620 2311 Iun.
653 2282 690 2312 et
719 2281 764 2312 fr.
788 2281 880 2311 Rev.
904 2278 974 2311 eii-

233 2333 394 2376 ciatque.
419 2334 557 2376 BURM.
581 2335 726 2367 Pirckh.
744 2333 973 2375 reiicietque.

278 2419 330 2451 67.
355 2418 443 2450 Non
467 2426 550 2450 sum
571 2417 804 2458 praeceptor
819 2415 974 2458 amoris,

232 2483 307 2507 non
328 2484 415 2506 sum«
429 2474 526 2507 liber
547 2475 612 2507 ille
636 2476 680 2507 de
696 2476 798 2507 Arte.
820 2473 904 2506 vid.
927 2474 973 2505 ad

232 2540 267 2562 v.
290 2531 344 2562 23.
370 2533 407 2562 et
429 2532 495 2573 ΙΙΙ,
519 2531 555 2576 1,
580 2532 610 2563 3.
633 2538 730 2571 seqq.

277 2614 330 2646 68.
355 2612 511 2645 Merm't.
533 2614 595 2646 Fr.
612 2615 704 2648 Rev.
719 2611 853 2645 merui.
876 2614 972 2645 Mor.

231 2666 298 2700 ille
322 2667 431 2699 liber.
477 2669 617 2701 Bmm.

259 2753 330 2798 139.
367 2751 427 2783 An
464 2749 503 2782 in
540 2752 624 2783 alta
658 2750 822 2792 palatia.

232 2809 364 2840 Franc.
390 2810 427 2840 et
450 2808 556 2841 Bern.
586 2808 640 2840 ut.
664 2808 798 2849 placet.

234 2863 298 2906 1113
321 2863 397 2896 749.

885 2753 976 2793 lun„

830 2808 908 2839 Art.
933 2807 976 2839 A.

1703 734 1769 784 70

1097 861 1222 892 Scilicet
1247 864 1423 897 exspectas,
1453 865 1488 890 ut
1522 865 1553 890 te
1575 863 1607 891 iu
1631 863 1770 893 convivia

1430 907 1547 941 ducam.

1031 965 1117 998 Her.
1140 966 1241 1008 XVI,
1265 965 1296 998 9.

1097 1025 1130 1056 Si
1148 1028 1249 1055 tamen
1266 1031 1444 1065 exspectas,
1461 1035 1567 1057 vocem
1585 1035 1704 1066 quoque
1720 1037 1772 1058 re—

1427 1074 1484 1101 bus
1502 1075 1537 1101 ut
1552 1073 1660 1101 addam
1676 1087 1711 1094 —-

1031 1144 1108 1175 Iuv.
1133 1145 1209 1177 Sat.
1233 1145 1298 1186 XI,
1321 1143 1397 1176 162.
1422 1144 1460 1175 et
1491 1141 1644 1183 passim.
1682 1141 1774 1174 Exc.

1031 1198 1140 1231 Voss.
1165 1201 1222 1238 (et
1245 1200 1370 1237 Crev.)
1395 1207 1446 1230 an
1468 1197 1531 1229 ad.
1586 1198 1650 1231 Fr.
1679 1198 1772 1230 Rev.

1031 1263 1100 1295 pro
1118 1265 1155 1288 v.
1177 1264 1250 1288 scr.
1265 1253 1451 1297 inquiras.
1474 1253 1614 1285 Romu.
1639 1252 1773 1285 Exem-

1031 1310 1103 1351 plis
1125 1310 1161 1342 in
1185 1311 1255 1343 hac
1277 1319 1320 1343 re
1341 1310 1432 1342 nihil
1458 1308 1627 1341 efficitur.
1673 1308 1776 1340 Inter

1033 1367 1260 1406 exspectare
1289 1374 1339 1397 an
1362 1367 1400 1397 et
1421 1364 1467 1396 ut
1487 1364 1558 1396 hoc
1582 1364 1775 1396 discrimen

1034 1423 1104 1463 est,
1130 1424 1170 1453 ut
1193 1421 1418 1461 emspectare
1440 1429 1490 1452 an
1513 1420 1550 1452 in
1566 1420 1673 1452 dubia
1693 1421 1775 1453 fere

1034 1478 1308 1517 exspectatione
1339 1479 1520 1518 ponatur,
1557 1477 1596 1508 et
1636 1484 1775 1516 exspe-

1034 1533 1143 1564 ctare
1164 1533 1208 1564 ut
1221 1535 1324 1565 certe
1339 1530 1586 1573 exspectantis
1601 1540 1646 1564 ac
1658 1540 1777 1573 prope

1034 1588 1251 1629 postulantis
1281 1589 1339 1622 sit.
1409 1590 1539 1621 Utrum
1571 1587 1671 1620 huie
1689 1588 1776 1621 loco

1035 1643 1148 1685 magis
1173 1644 1383 1686 conveniat,
1405 1644 1444 1676 in
1465 1644 1595 1684 aperto
1614 1645 1681 1689 est.
1703 1643 1776 1676 Az-

1037 1699 1089 1731 ta.
1120 1701 1163 1732 In
1184 1702 1307 1733 monte
1319 1699 1487 1732 Palatino
1500 1699 1684 1735 habitasse
1697 1699 1776 1731 Au-

1036 1756 1181 1796 gustum
1204 1754 1372 1796 (Confil,
1396 1756 1432 1796 3,
1455 1755 1529 1792 29.)
1551 1756 1685 1787 auctor
1709 1756 1776 1786 cst.

1037 1811 1106 1844 Dio
1137 1811 1232 1843 LIV.
1262 1818 1294 1842 c.
1326 1811 1380 1842 27.
1392 1832 1406 1853 ,
1438 1809 1592 1843 aedibus
1620 1807 1778 1842 modicis

1038 1865 1138 1897 addit
1150 1866 1517 1906 Sueton.Aug.c.·72.
1561 1866 1645 1899 Vid.
1669 1866 1776 1899 Alex.
1833 1865 1840 1870 “

1039 1921 1170 1952 Donat.
1193 1921 1310 1952 Roma
1333 1922 1408 1952 vet.
1434 1922 1474 1952 et
1493 1928 1569 1954 rec.
1593 1921 1638 1953 Π.
1664 1928 1694 1952 c.
1721 1919 1777 1951 13.

1038 1977 1080 2006 In
1103 1976 1231 2006 eodem
1253 1975 1422 2007 Palatino
1447 1976 1483 2007 di
1505 1975 1683 2011 tutelares
1697 1975 1776 2007 Ro-

1039 2037 1118 2062 mae
1140 2030 1247 2060 sedes
1271 2031 1308 2060 et
1333 2029 1468 2071 templa
1489 2030 1687 2077 hauebant)
1710 2030 1774 2061 Iu—

1038 2083 1150 2137 piter?
1173 2084 1283 2126 Iuno,
1306 2084 1458 2128 Apollo,
1482 2086 1675 2128 Minerva,
1697 2085 1777 2119 Ve-

1040 2142 1099 2171 sta
1129 2141 1165 2171 et
1199 2139 1342 2180 reliqui.
1395 2140 1494 2174 Suet.
1518 2141 1611 2182 Aug.
1651 2149 1683 2172 c.
1702 2141 1777 2172 29

1040 2195 1138 2235 Lips.
1161 2194 1281 2227 Vesta
1305 2202 1336 2226 c.
1359 2194 1391 2226 4.
1446 2195 1539 2227 Hinc
1565 2194 1680 2257 dique
1715 2196 1775 2231 lo-

1041 2256 1173 2280 corum
1197 2250 1234 2280 et
1256 2249 1420 2290 auqusta
1442 2251 1530 2282 loca
1548 2236 1660 2294 dicit,
1688 2251 1778 2285 licet

1041 2312 1136 2336 nunc
1165 2305 1368 2345 Augustum
1397 2306 1553 2339 maxime
1583 2305 1777 2347 intelligat.

1040 2360 1234 2400 Postquam
1258 2359 1352 2391 enim
1370 2350 1591 2400 Octavianus
1604 2360 1777 2392 summam

1041 2417 1079 2448 in
1102 2425 1144 2448 re
1167 2415 1316 2457 publica
1337 2418 1556 2457 potestatem
1569 2418 1720 2459 adeptus
1734 2423 1776 2447 e-
1844 2404 1846 2430 Ψ

1041 2474 1115 2514 rat,
1139 2471 1284 2503 servilis
1307 2472 1707 2506 Romanorumanimus
1730 2478 1776 2503 eo

1041 2527 1261 2559 adulationis
1277 2527 1476 2570 processit,
1499 2530 1540 2560 ut
1553 2524 1648 2569 eum,
1663 2533 1777 2568 prae-

1041 2586 1102 2615 ter
1131 2592 1288 2615 summos
1318 2583 1373 2615 rei
1410 2583 1581 2623 publicae
1617 2572 1777 2615 honores

1041 2641 1078 2670 et
1100 2639 1236 2670 titulos.
1259 2627 1415 2679 primum
1430 2639 1503 2671 divi
1523 2638 1649 2680 filium,
1673 2637 1776 2669 dein-

1046 2694 1092 2725 de
1114 2694 1236 2726 divum
1259 2695 1506 2736 appellarent,
1537 2697 1583 2725 et·
1602 2701 1683 2725 cum
1705 2691 1778 2733 iam

1043 2757 1076 2780 a.
1099 2751 1141 2781 U.
1166 2749 1204 2782 C.
1228 2749 1303 2781 718.
1328 2750 1428 2782 cives
1458 2758 1540 2781 eum
1561 2749 1694 2788 sponte
1715 2736 1774 2778 iu:-

1045 2808 1102 2837 ter
1125 2806 1241 2837 Lares
1264 2805 1511 2847 recepissent,
1540 2803 1573 2836 is
1594 2802 1629 2834 ei
1658 2803 1775 2834 honos

1044 2869 1077 2893 a.
1101 2860 1177 2892 724.
1202 2861 1287 2901 post
1309 2860 1478 2893 domitum
1508 2859 1686 2892 orientem
1711 2865 1772 2890 se-
