1846 3146
164 157 231 206 70
360 207 361 210 ¹
407 156 463 205 P.
499 120 723 206 ovmu
757 154 1072 208 NAsoms
1105 154 1447 207 TRISTIUM

165 279 327 339 „Dum
361 278 496 338 lieet,
531 277 820 344 amplectar:
855 295 1093 345 nunquam
1127 278 1341 328 fortasse
1372 278 1543 330 licebit

233 361 518 429 „Amplius3
554 363 604 409 in
637 361 777 411 luero
813 368 904 423 est,
942 377 1068 429 quae
1102 361 1246 410 datur
1279 361 1417 423 hora,
1451 362 1614 411 mihi.“

165 444 279 495 Nee
312 460 473 504 mora,
509 447 743 493 sermonis
776 446 930 496 verba
963 445 1250 511 imperfecta
1282 444 1533 510 relinque,

231 527 553 593 Amplectens
587 529 744 576 animo
777 530 999 594 proxima
1034 542 1253 593 quaeque
1286 542 1411 576 meo.
1625 527 1692 577 ⁷0

167 610 293 660 Dum
329 609 506 675 loquor
540 615 590 659 et
623 611 807 672 flemuS,
850 611 993 660 00010
1028 610 1345 660 nitidissimus
1379 610 1497 670 alto,

231 692 397 743 Stella
429 696 598 758 gravis
633 694 791 755 nobis,
827 694 1033 743 Lucifer
1067 698 1203 742 ortus
1237 698 1356 742 erat.

165 775 383 827 Dividor
416 769 547 826 haud
581 776 739 838 aliter,
776 794 915 842 quam
945 778 989 825 si
1021 791 1128 825 mea
1163 777 1375 827 membra
1412 762 1695 842 relinquam,

231 859 300 909 Et
331 876 447 926 pars
481 859 697 926 abrumpi
733 875 941 927 corpore
974 861 1087 908 visa
1118 873 1226 908 meo
1262 864 1352 907 est.
1442 858 1455 870 ⁸

164 993 276 1035 Busl.,
289 993 388 1026 Leid.
402 995 439 1025 et
455 995 505 1027 lx
524 993 586 1026 alii
597 994 750 1037 Heinsii,
772 996 896 1037 Bern.,

165 1050 246 1084 Rel.
271 1040 324 1080 ‘et
365 1049 473 1080 Goth.
507 1056 599 1089 quos
636 1056 714 1089 eqo.
783 1049 896 1081 Male.

166 1105 268 1138 Male
291 1104 399 1136 etiam
423 1112 470 1136 ex
494 1113 565 1137 uno
595 1104 697 1137 Leid.
719 1105 897 1136 Burman-

167 1168 232 1191 nus
256 1160 408 1191 novavit
426 1159 607 1201 fraterno
639 1158 777 1200 dilexi,
802 1159 896 1199 quod

166 1216 272 1248 etiam
297 1216 404 1247 Goth.
428 1215 546 1247 babet.
570 1231 616 1237 -
637 1216 692 1247 De
713 1213 895 1256 fraterno

167 1272 264 1304 conf.
289 1273 320 1312 I,
346 1270 380 1312 1,
405 1269 481 1302 100.
535 1271 623 1303 Hor.
647 1270 761 1311 Epist.
783 1270 814 1311 Ι,
840 1269 897 1311 18,

165 1328 221 1362 62.

229 1393 514 1399 ——————
530 1376 618 1404 Actia
635 1383 736 1413 pugna

230 1423 272 1454 Te
297 1423 374 1452 duee
397 1430 453 1460 per
474 1424 585 1458 pueros
608 1421 713 1449 hostili
736 1427 821 1449 more
843 1427 895 1448 re-

566 1466 672 1494 fertur.

208 1539 262 1571 66.
299 1536 477 1580 Pectora.
523 1535 670 1568 Pirckh.
692 1536 730 1570 et
749 1536 804 1567 ed.
822 1536 895 1567 Βο-

163 1601 248 1627 non.
270 1590 449 1633 pignora.
494 1591 577 1623 Vid.
608 1591 640 1632 1,
670 1590 706 1632 9,
735 1590 806 1632 31„
828 1591 896 1633 IV,

167 1649 223 1690 10,
248 1649 300 1681 92.
352 1647 513 1688 Thesea,
536 1652 606 1686 qua
639 1645 799 1678 Theseus
834 1646 896 1678 Pi-

165 1703 322 1739 rithoum
358 1703 511 1735 amicum
548 1700 695 1732 amavit.
746 1701 828 1734 Vid.
851 1702 897 1733 ad

164 1759 196 1801 1,
220 1760 256 1800 5„
282 1757 334 1792 19.
357 1765 456 1798 seqq.

184 1830 262 1867 ’67.
295 1834 519 1875 Amplectar
542 1843 615 1866 11011
639 1835 798 1875 optantis
825 1839 897 1877 est,

162 1891 227 1926 ned
257 1890 411 1931 agentis.
462 1891 546 1922 Vid.
577 1891 622 1921 ad
653 1891 692 1931 Ι,
718 1889 751 1931 1,
777 1889 829 1921 16.
853 1907 896 1912 -

164 1947 250 1979 Vat.
269 1946 315 1989 1.,
338 1945 461 1987 Barb.,
473 1945 580 1986 neg„
598 1946 695 1978 Mor.
718 1948 755 1977 et
776 1947 811 1977 II
833 1946 897 1978 alii

163 2002 303 2043 Heius„
326 2000 423 2043 nel„
447 2000 569 2036 Guelf.
592 2008 616 2034 a
636 2000 668 2032 2.
687 2009 747 2042 m.,
759 2002 896 2044 Berol.,

163 2054 388 2096 amplector.

208 2133 262 2165 68.
298 2132 348 2164 In
390 2133 501 2164 lucro
530 2132 585 2164 est
623 2133 784 2166 formula
824 2138 891 2171 est.

163 2187 246 2219 vid.
269 2188 416 2223 'rei-ent.
430 2188 581 2228 Adelph.
605 2187 655 2229 V,
668 2189 703 2230 3,
717 2190 786 2232 30.,
809 2191 897 2222 Hec.

164 2244 232 2285 111,
258 2242 288 2278 1.
309 2243 577 2279 —Ed.B0n0n.
601 2246 639 2279 et
650 2244 742 2276 ven.
755 2252 787 2275 a.
801 2244 897 2277 1474.

162 2303 201 2331 et
225 2299 304 2331 cod.
328 2299 437 2333 Crev.
461 2300 518 2331 est
533 2299 711 2332 omittunt.
755 2299 835 2332 Put.
857 2297 898 2331 in

163 2356 308 2396 lucres,
332 2363 438 2397 quae.
479 2357 606 2390 Patav.
628 2354 719 2387 mihi
741 2354 807 2400 est,

209 2435 263 2466 69.
297 2432 380 2465 Nee
402 2441 523 2474 mora,
545 2433 692 2475 seruit,
717 2443 749 2474 q.
763 2442 794 2465 e.
812 2433 896 2464 sta-

163 2487 244 2530 tim,
268 2490 427 2525 formula
456 2489 627 2530 imprimis
657 2490 752 2530 apud
775 2490 898 2521 Naso-

163 2552 244 2575 nem
274 2545 456 2586 frequens,
503 2545 609 2581 conf.
631 2545 698 2586 ΙΙΙ,
719 2543 774 2586 11,
787 2545 896 2576 53.--

163 2599 268 2635 Barb.
290 2599 466 2637 sermoni.

206 2677 260 2712 7⁰.
283 2676 535 2721 Amplectene.
582 2678 720 2721 auem,
747 2679 824 2711 Pal.
847 2679 895 2721 2.,

163 2732 208 2767 fr.
238 2733 345 2775 Rev„
378 2731 471 2775 Iun„
506 2733 623 2775 Leid„
660 2735 766 2776 neg„
799 2736 895 2776 Put„

164 2787 278 2829 Gau„
301 2790 413 2830 Mon,
435 2788 583 2830 Franc„
605 2790 728 2832 Serv„
747 2791 843 2823 Busl.
858 2792 896 2822 et

162 2842 227 2878 XX
249 2842 314 2878 alii
335 2842 456 2879 Heius.
486 2846 524 2879 et
546 2844 705 2879 eiusdem
737 2845 791 2878 ed.
823 2853 893 2888 pr„

965 995 1119 1036 Bet-sm„
1141 994 1264 1034 Bern.,
1283 992 1380 1034 Bel„
1397 992 1518 1024 Berol.
1536 993 1574 1024 et
1588 991 1696 1026 (trev.

964 1049 1227 1090 complectens.
1274 1047 1418 1089 Reliqui
1437 1049 1540 1080 codd.
1557 1050 1594 1079 et
1606 1048 1696 1079 vett.

963 1107 1042 1138 edd.
1066 1104 1307 1145 amplectens.
1342 1103 1599 1143 Complectens
1618 1101 1697 1134 ori-

962 1163 1080 1204 ginem
1105 1162 1239 1193 debere
1262 1160 1307 1191 iis
1337 1159 1498 1201 videtur,
1522 1159 1582 1200 qui
1603 1166 1695 1190 con-

963 1217 1156 1260 iungerent
1178 1214 1305 1248 animo
1317 1214 1579 1255 complectens.
1601 1211 1696 1246 Am-

962 1273 1133 1313 plectens
1156 1274 1275 1303 autem
1292 1269 1540 1312 accipiendum
1563 1270 1608 1301 de
1630 1275 1698 1300 ve-

962 1327 1014 1358 ris
1026 1326 1268 1368 amplexibus,
1287 1329 1324 1358 et
1335 1327 1533 1367 respondet
1545 1325 1599 1357 ini
1611 1331 1694 1355 am-

960 1383 1114 1422 plectar
1136 1392 1172 1415 v.
1198 1383 1252 1414 67.
1297 1380 1432 1413 Animo
1451 1388 1532 1412 meo
1553 1376 1695 1420 promi-

963 1445 1038 1478 ma,
1062 1440 1102 1470 ut
1126 1436 1253 1469 animo
1271 1445 1352 1468 meo
1362 1435 1585 1478 qratissima
1606 1435 1700 1467 Met.

962 1493 1013 1535 V,
1049 1493 1125 1526 261.
1172 1493 1278 1526 conf.
1311 1493 1361 1534 V,
1394 1492 1440 1534 2,
1475 1492 1533 1524 29.
1564 1492 1619 1523 30.
1654 1506 1698 1513 —

963 1550 1092 1582 Dresd.
1125 1551 1162 1580 et
1198 1550 1292 1580 Mor.
1332 1546 1484 1588 sinqula
1519 1552 1697 1587 quaeque.

963 1596 1040 1636 Iun.
1063 1602 1192 1636 dulcia
1213 1610 1394 1645 quaeque.

1007 1681 1062 1713 71.
1096 1681 1197 1713 Dum
1228 1682 1364 1722 loquor
1391 1681 1534 1722 (ego),
1563 1680 1602 1711 et
1621 1678 1692 1721 fle-

963 1745 1045 1768 mus
1068 1738 1157 1778 (ego
1181 1739 1219 1768 et
1231 1735 1377 1778 reliqui,
1391 1736 1448 1777 qui
1459 1737 1629 1772 aderant)
1640 1758 1649 1767 .
1663 1757 1673 1767 .
1685 1758 1694 1767 .

1008 1815 1063 1848 72.
1098 1813 1270 1856 Lucifer.
1314 1811 1440 1844 Stella
1465 1809 1620 1843 Veneris
1640 1813 1699 1849 (ut

963 1871 1091 1903 scribit
1123 1871 1197 1903 Cic.
1234 1870 1278 1901 de
1312 1868 1356 1901 N.
1390 1869 1434 1901 D.
1467 1868 1512 1899 11.
1542 1868 1575 1899 e.
1606 1868 1697 1910 2⁰0,

964 1935 1059 1968 quae
1072 1920 1269 1967 φωςφόρος
1279 1922 1437 1964 Graece,
1443 1921 1602 1965 Ducifer
1614 1923 1696 1955 La-

964 1981 1053 2013 tinis
1076 1980 1231 2021 dicitur,
1255 1987 1338 2011 cum
1354 1978 1618 2019 anteqreditur
1627 1987 1694 2010 so-

963 2037 1046 2075 lem,
1059 2043 1142 2066 cum
1154 2033 1393 2076 subsequitur
1412 2033 1538 2064 autem
1551 2032 1695 2073 Hespe-

963 2099 1042 2122 rus.
1072 2091 1154 2124 Vid.
1184 2091 1286 2121 Hom.
1316 2088 1360 2120 11.
1388 2088 1444 2129 X,
1475 2088 1566 2130 318„
1602 2089 1694 2121 Plin.

962 2147 1006 2178 N.
1030 2147 1071 2178 Η.
1095 2146 1139 2177 11.
1165 2153 1196 2177 c.
1219 2146 1266 2186 8.,
1288 2144 1394 2185 virg.
1417 2144 1461 2177 A.
1484 2144 1595 2186 VIII,
1618 2145 1696 2177 590.

966 2204 1004 2234 et
1034 2202 1143 2234 Voss.
1177 2200 1224 2230 ad
1253 2199 1356 2240 Virg.
1387 2199 1465 2231 Ecl.
1496 2199 1607 2242 Vm,
1643 2199 1696 2232 17.

964 2258 1101 2291 Poetae
1124 2257 1251 2289 autem*
1267 2254 1476 2289 Luciferum
1499 2263 1611 2296 saepe
1634 2258 1698 2288 aut

965 2320 1056 2351 equo
1081 2310 1157 2342 alto
1182 2310 1262 2342 vehi
1285 2310 1437 2352 fingunt,
1458 2314 1497 2342 ut
1519 2312 1620 2343 Naso
1633 2312 1694 2343 Tr.

963 2368 1029 2408 111,
1052 2368 1088 2408 ,5,
1111 2367 1189 2407 56.,
1223 2367 1307 2406 aut,
1336 2367 1377 2398 ut
1398 2365 1485 2407 soli,
1507 2366 1617 2398 lunae
1640 2369 1693 2405 (v.

963 2422 1050 2462 230,
1073 2410 1187 2462 nocti,
1207 2429 1351 2452 currum
1368 2421 1402 2452 ei
1416 2421 1589 2454 tribuunt.
1611 2421 1693 2454 Vid.

965 2478 1041 2509 Tib.
1065 2477 1096 2518 1,
1119 2476 1156 2519 Β,
1179 2477 1232 2508 62.
1258 2477 1376 2517 ibique
1398 2477 1516 2517 fleyn.
1543 2491 1583 2497 —

1008 2565 1062 2598 74.
1095 2564 1182 2598 Meo
1220 2566 1286 2597 est.
1350 2567 1509 2602 Bonum,
1556 2555 1694 2606 Ber'oL,

963 2622 1092 2653 Dresd.
1115 2629 1183 2660 pro
1207 2631 1241 2652 v.
1261 2629 1350 2662 scr„
1370 2621 1454 2661 Seg.
1472 2627 1538 2660 pro
1562 2629 1596 2652 v.
1620 2627 1692 2653 scr.

961 2685 1054 2719 meo,
1078 2678 1135 2709 est
1152 2677 1296 2709 omisso.
1343 2677 1443 2709 Vett.
1456 2676 1535 2707 edd.
1539 2696 1553 2716 ,
1572 2675 1694 2716 Goth„

963 2733 1079 2774 Leid.,
1102 2734 1208 2775 neg„
1233 2732 1346 2773 Gall„
1375 2730 1471 2764 Busl.
1498 2731 1536 2763 et
1558 2730 1608 2764 XI
1629 2729 1694 2764 alli
1763 2727 1777 2738 “

961 2787 1098 2821 Heinsii
1132 2790 1169 2829 et
1193 2788 1269 2820 eius
1293 2789 1348 2822 ed.
1372 2796 1427 2829 pr.
1450 2788 1488 2818 et
1509 2785 1588 2818 Rel.
1611 2792 1692 2819 ,meo

961 2842 1027 2876 est,
1047 2853 1049 2856 ¹
1073 2843 1192 2878 Berol,
1216 2851 1300 2877 mea
1322 2843 1379 2876 est
1401 2842 1461 2877 vel
1484 2849 1576 2875 meo.
1612 2840 1690 2874 Rei.

1837 1004 1846 1264 m—mh-
1841 961 1846 997 —
1838 937 1839 941 Α
