<?xml version="1.0" encoding="UTF-8"?>
<!DOCTYPE html PUBLIC "-//W3C//DTD XHTML 1.0 Transitional//EN"
    "http://www.w3.org/TR/xhtml1/DTD/xhtml1-transitional.dtd">
<html xmlns="http://www.w3.org/1999/xhtml" xml:lang="en" lang="en">
 <head>
  <title>
</title>
<meta http-equiv="Content-Type" content="text/html;charset=utf-8" />
  <meta name='ocr-system' content='tesseract 3.04.00' />
  <meta name='ocr-capabilities' content='ocr_page ocr_carea ocr_par ocr_line ocrx_word'/>
</head>
<body>
  <div class='ocr_page' id='page_1' title='image "./tristiumlibriqui00oviduoft_0419.png"; bbox 0 0 1846 3146; ppageno 0'>
   <div class='ocr_carea' id='block_1_1' title="bbox 0 2824 35 3146">
    <p class='ocr_par' dir='ltr' id='par_1_1' title="bbox 0 2824 35 3146">
     <span class='ocr_line' id='line_1_1' title="bbox 0 2824 35 3146; baseline 0 0"><span class='ocrx_word' id='word_1_1' title='bbox 0 2824 35 3146; x_wconf 95' lang='lat' dir='ltr'><strong> </strong></span> 
     </span>
    </p>
   </div>
   <div class='ocr_carea' id='block_1_2' title="bbox 583 146 1206 201">
    <p class='ocr_par' dir='ltr' id='par_1_2' title="bbox 583 146 1206 201">
     <span class='ocr_line' id='line_1_2' title="bbox 583 146 1206 201; baseline -0.008 1"><span class='ocrx_word' id='word_1_2' title='bbox 583 151 715 201; x_wconf 80' lang='lat' dir='ltr'><strong>Lm.</strong></span> <span class='ocrx_word' id='word_1_3' title='bbox 749 150 840 200; x_wconf 90' lang='lat' dir='ltr'><strong>IV.</strong></span> <span class='ocrx_word' id='word_1_4' title='bbox 880 147 1082 198; x_wconf 77' lang='lat' dir='ltr'><strong>ELEG.</strong></span> <span class='ocrx_word' id='word_1_5' title='bbox 1115 146 1206 197; x_wconf 85' lang='lat' dir='ltr'><strong>IV.</strong></span> 
     </span>
    </p>
   </div>
   <div class='ocr_carea' id='block_1_3' title="bbox 1557 145 1653 195">
    <p class='ocr_par' dir='ltr' id='par_1_3' title="bbox 1557 145 1653 195">
     <span class='ocr_line' id='line_1_3' title="bbox 1557 145 1653 195; baseline 0 0"><span class='ocrx_word' id='word_1_6' title='bbox 1557 145 1653 195; x_wconf 82' lang='lat'><strong>381</strong></span> 
     </span>
    </p>
   </div>
   <div class='ocr_carea' id='block_1_4' title="bbox 129 269 1655 836">
    <p class='ocr_par' dir='ltr' id='par_1_4' title="bbox 129 269 1402 421">
     <span class='ocr_line' id='line_1_4' title="bbox 129 269 1402 343; baseline -0.009 -15"><span class='ocrx_word' id='word_1_7' title='bbox 129 278 269 343; x_wconf 79' lang='lat' dir='ltr'><strong>Ergo</strong></span> <span class='ocrx_word' id='word_1_8' title='bbox 302 282 356 326; x_wconf 93' lang='lat' dir='ltr'><strong>ut</strong></span> <span class='ocrx_word' id='word_1_9' title='bbox 388 276 494 324; x_wconf 92' lang='lat' dir='ltr'><strong>iure</strong></span> <span class='ocrx_word' id='word_1_10' title='bbox 529 273 696 323; x_wconf 82' lang='lat' dir='ltr'><strong>damus</strong></span> <span class='ocrx_word' id='word_1_11' title='bbox 729 286 930 338; x_wconf 84' lang='lat' dir='ltr'><strong>poenas,</strong></span> <span class='ocrx_word' id='word_1_12' title='bbox 965 272 1041 320; x_wconf 91' lang='lat' dir='ltr'><strong>sic</strong></span> <span class='ocrx_word' id='word_1_13' title='bbox 1072 269 1229 319; x_wconf 84' lang='lat' dir='ltr'><strong>abfuit</strong></span> <span class='ocrx_word' id='word_1_14' title='bbox 1261 283 1402 318; x_wconf 93' lang='lat' dir='ltr'><strong>omne</strong></span> 
     </span>
     <span class='ocr_line' id='line_1_5' title="bbox 194 355 1175 421; baseline -0.01 -11"><span class='ocrx_word' id='word_1_15' title='bbox 194 360 411 421; x_wconf 83' lang='lat' dir='ltr'><strong>Peccato</strong></span> <span class='ocrx_word' id='word_1_16' title='bbox 446 357 636 406; x_wconf 85' lang='lat' dir='ltr'><strong>facinus</strong></span> <span class='ocrx_word' id='word_1_17' title='bbox 671 355 1020 418; x_wconf 82' lang='lat' dir='ltr'><strong>consiliumque</strong></span> <span class='ocrx_word' id='word_1_18' title='bbox 1052 367 1175 401; x_wconf 91' lang='lat' dir='ltr'><strong>meo.</strong></span> 
     </span>
    </p>

    <p class='ocr_par' dir='ltr' id='par_1_5' title="bbox 131 433 1655 586">
     <span class='ocr_line' id='line_1_6' title="bbox 131 433 1655 507; baseline -0.008 -14"><span class='ocrx_word' id='word_1_19' title='bbox 131 441 287 507; x_wconf 84' lang='lat' dir='ltr'><strong>quue</strong></span> <span class='ocrx_word' id='word_1_20' title='bbox 323 441 444 490; x_wconf 88' lang='lat' dir='ltr'><strong>deus</strong></span> <span class='ocrx_word' id='word_1_21' title='bbox 474 442 643 490; x_wconf 82' lang='lat' dir='ltr'><strong>sentit:</strong></span> <span class='ocrx_word' id='word_1_22' title='bbox 679 453 769 504; x_wconf 89' lang='lat' dir='ltr'><strong>pro</strong></span> <span class='ocrx_word' id='word_1_23' title='bbox 797 452 892 501; x_wconf 92' lang='lat' dir='ltr'><strong>quo</strong></span> <span class='ocrx_word' id='word_1_24' title='bbox 914 450 1007 484; x_wconf 91' lang='lat' dir='ltr'><strong>nec</strong></span> <span class='ocrx_word' id='word_1_25' title='bbox 1024 435 1187 483; x_wconf 92' lang='lat' dir='ltr'><strong>lumen</strong></span> <span class='ocrx_word' id='word_1_26' title='bbox 1204 433 1443 483; x_wconf 80' lang='lat' dir='ltr'><strong>ademtam</strong></span> <span class='ocrx_word' id='word_1_27' title='bbox 1461 438 1552 493; x_wconf 81' lang='lat' dir='ltr'><strong>est,</strong></span> <span class='ocrx_word' id='word_1_28' title='bbox 1588 433 1655 482; x_wconf 81' lang='lat'><strong>45</strong></span> 
     </span>
     <span class='ocr_line' id='line_1_7' title="bbox 195 518 1322 586; baseline -0.009 -12"><span class='ocrx_word' id='word_1_29' title='bbox 195 525 310 574; x_wconf 93' lang='lat' dir='ltr'><strong>Nec</strong></span> <span class='ocrx_word' id='word_1_30' title='bbox 342 523 456 572; x_wconf 78' lang='lat' dir='ltr'><strong>mihi</strong></span> <span class='ocrx_word' id='word_1_31' title='bbox 491 521 736 570; x_wconf 81' lang='lat' dir='ltr'><strong>detractas</strong></span> <span class='ocrx_word' id='word_1_32' title='bbox 768 519 992 586; x_wconf 85' lang='lat' dir='ltr'><strong>possidet</strong></span> <span class='ocrx_word' id='word_1_33' title='bbox 1025 518 1153 567; x_wconf 82' lang='lat' dir='ltr'><strong>alter</strong></span> <span class='ocrx_word' id='word_1_34' title='bbox 1187 531 1322 582; x_wconf 87' lang='lat' dir='ltr'><strong>opes.</strong></span> 
     </span>
    </p>

    <p class='ocr_par' dir='ltr' id='par_1_6' title="bbox 129 599 1426 754">
     <span class='ocr_line' id='line_1_8' title="bbox 129 599 1426 669; baseline -0.007 -13"><span class='ocrx_word' id='word_1_35' title='bbox 129 606 361 656; x_wconf 74' lang='lat' dir='ltr'><strong>Forsitan</strong></span> <span class='ocrx_word' id='word_1_36' title='bbox 393 605 519 654; x_wconf 86' lang='lat' dir='ltr'><strong>hanc</strong></span> <span class='ocrx_word' id='word_1_37' title='bbox 551 605 719 669; x_wconf 81' lang='lat' dir='ltr'>ipsam,</span> <span class='ocrx_word' id='word_1_38' title='bbox 754 605 896 652; x_wconf 80' lang='lat' dir='ltr'><strong>vivat</strong></span> <span class='ocrx_word' id='word_1_39' title='bbox 929 601 1090 661; x_wconf 84' lang='lat' dir='ltr'><strong>modo,</strong></span> <span class='ocrx_word' id='word_1_40' title='bbox 1126 600 1262 648; x_wconf 86' lang='lat' dir='ltr'><strong>finiet</strong></span> <span class='ocrx_word' id='word_1_41' title='bbox 1295 599 1426 659; x_wconf 85' lang='lat' dir='ltr'><strong>olim,</strong></span> 
     </span>
     <span class='ocr_line' id='line_1_9' title="bbox 196 683 1289 754; baseline -0.006 -17"><span class='ocrx_word' id='word_1_42' title='bbox 196 689 440 754; x_wconf 83' lang='lat' dir='ltr'><strong>Tempore</strong></span> <span class='ocrx_word' id='word_1_43' title='bbox 473 702 579 736; x_wconf 87' lang='lat' dir='ltr'><strong>cum</strong></span> <span class='ocrx_word' id='word_1_44' title='bbox 613 685 761 734; x_wconf 86' lang='lat' dir='ltr'><strong>fuerit</strong></span> <span class='ocrx_word' id='word_1_45' title='bbox 793 685 953 733; x_wconf 89' lang='lat' dir='ltr'><strong>lenior</strong></span> <span class='ocrx_word' id='word_1_46' title='bbox 987 686 1075 743; x_wconf 85' lang='lat' dir='ltr'><strong>ira,</strong></span> <span class='ocrx_word' id='word_1_47' title='bbox 1110 683 1289 747; x_wconf 82' lang='lat' dir='ltr'><strong>sugam.</strong></span> 
     </span>
    </p>

    <p class='ocr_par' dir='ltr' id='par_1_7' title="bbox 129 764 1482 836">
     <span class='ocr_line' id='line_1_10' title="bbox 129 764 1482 836; baseline -0.005 -15"><span class='ocrx_word' id='word_1_48' title='bbox 129 771 278 821; x_wconf 93' lang='lat' dir='ltr'><strong>Nunc</strong></span> <span class='ocrx_word' id='word_1_49' title='bbox 310 785 485 836; x_wconf 84' lang='lat' dir='ltr'><strong>precor</strong></span> <span class='ocrx_word' id='word_1_50' title='bbox 517 768 631 817; x_wconf 92' lang='lat' dir='ltr'><strong>hinc</strong></span> <span class='ocrx_word' id='word_1_51' title='bbox 665 769 765 817; x_wconf 84' lang='lat' dir='ltr'><strong>alio</strong></span> <span class='ocrx_word' id='word_1_52' title='bbox 799 767 964 816; x_wconf 84' lang='lat' dir='ltr'><strong>iubeat</strong></span> <span class='ocrx_word' id='word_1_53' title='bbox 1000 764 1275 825; x_wconf 84' lang='lat' dir='ltr'><strong>discedere,</strong></span> <span class='ocrx_word' id='word_1_54' title='bbox 1310 767 1354 814; x_wconf 92' lang='lat' dir='ltr'><strong>si</strong></span> <span class='ocrx_word' id='word_1_55' title='bbox 1387 780 1482 814; x_wconf 93' lang='lat' dir='ltr'><strong>non</strong></span> 
     </span>
    </p>
   </div>
   <div class='ocr_carea' id='block_1_5' title="bbox 194 848 1285 918">
    <p class='ocr_par' dir='ltr' id='par_1_8' title="bbox 194 848 1285 918">
     <span class='ocr_line' id='line_1_11' title="bbox 194 848 1285 918; baseline -0.006 -16"><span class='ocrx_word' id='word_1_56' title='bbox 194 853 382 903; x_wconf 80' lang='lat' dir='ltr'><strong>Nostra</strong></span> <span class='ocrx_word' id='word_1_57' title='bbox 413 850 698 901; x_wconf 74' lang='lat' dir='ltr'><strong>vereCundo</strong></span> <span class='ocrx_word' id='word_1_58' title='bbox 729 855 849 918; x_wconf 73' lang='lat' dir='ltr'><strong>vota</strong></span> <span class='ocrx_word' id='word_1_59' title='bbox 881 848 1070 915; x_wconf 86' lang='lat' dir='ltr'><strong>pudore</strong></span> <span class='ocrx_word' id='word_1_60' title='bbox 1106 852 1285 898; x_wconf 84' lang='lat' dir='ltr'><strong>carent.</strong></span> 
     </span>
    </p>
   </div>
   <div class='ocr_carea' id='block_1_6' title="bbox 1585 849 1654 898">
    <p class='ocr_par' dir='ltr' id='par_1_9' title="bbox 1585 849 1654 898">
     <span class='ocr_line' id='line_1_12' title="bbox 1585 849 1654 898; baseline 0.014 -1"><span class='ocrx_word' id='word_1_61' title='bbox 1585 849 1654 898; x_wconf 77' lang='lat'><strong>50</strong></span> 
     </span>
    </p>
   </div>
   <div class='ocr_carea' id='block_1_7' title="bbox 128 932 1353 1083">
    <p class='ocr_par' dir='ltr' id='par_1_10' title="bbox 128 932 1353 1083">
     <span class='ocr_line' id='line_1_13' title="bbox 128 932 1353 1000; baseline -0.004 -15"><span class='ocrx_word' id='word_1_62' title='bbox 128 936 299 986; x_wconf 84' lang='lat' dir='ltr'><strong>Mitius</strong></span> <span class='ocrx_word' id='word_1_63' title='bbox 333 934 558 983; x_wconf 83' lang='lat' dir='ltr'><strong>exsilium</strong></span> <span class='ocrx_word' id='word_1_64' title='bbox 591 932 835 1000; x_wconf 81' lang='lat' dir='ltr'><strong>pauloque</strong></span> <span class='ocrx_word' id='word_1_65' title='bbox 868 933 1185 998; x_wconf 85' lang='lat' dir='ltr'><strong>propinquius</strong></span> <span class='ocrx_word' id='word_1_66' title='bbox 1220 935 1353 996; x_wconf 87' lang='lat' dir='ltr'><strong>opto,</strong></span> 
     </span>
     <span class='ocr_line' id='line_1_14' title="bbox 198 1013 1333 1083; baseline -0.004 -16"><span class='ocrx_word' id='word_1_67' title='bbox 198 1017 388 1083; x_wconf 79' lang='lat' dir='ltr'><strong>Quique</strong></span> <span class='ocrx_word' id='word_1_68' title='bbox 420 1019 485 1067; x_wconf 89' lang='lat' dir='ltr'><strong>sit</strong></span> <span class='ocrx_word' id='word_1_69' title='bbox 518 1034 549 1066; x_wconf 85' lang='lat' dir='ltr'>a</span> <span class='ocrx_word' id='word_1_70' title='bbox 582 1031 736 1066; x_wconf 83' lang='lat' dir='ltr'><strong>saevo</strong></span> <span class='ocrx_word' id='word_1_71' title='bbox 770 1015 968 1080; x_wconf 85' lang='lat' dir='ltr'><strong>longius</strong></span> <span class='ocrx_word' id='word_1_72' title='bbox 1001 1014 1143 1064; x_wconf 90' lang='lat' dir='ltr'><strong>hoste</strong></span> <span class='ocrx_word' id='word_1_73' title='bbox 1177 1013 1333 1075; x_wconf 78' lang='lat' dir='ltr'><strong>locus.</strong></span> 
     </span>
    </p>
   </div>
   <div class='ocr_carea' id='block_1_8' title="bbox 118 1188 856 1998">
    <p class='ocr_par' dir='ltr' id='par_1_11' title="bbox 118 1188 855 1615">
     <span class='ocr_line' id='line_1_15' title="bbox 118 1188 853 1227; baseline -0.005 -4"><span class='ocrx_word' id='word_1_74' title='bbox 118 1191 122 1194; x_wconf 56' lang='lat'><em>⁴</em></span> <span class='ocrx_word' id='word_1_75' title='bbox 172 1189 227 1223; x_wconf 71' lang='lat'><strong>4³.</strong></span> <span class='ocrx_word' id='word_1_76' title='bbox 259 1188 393 1222; x_wconf 72' lang='lat' dir='ltr'><strong>Sentit.</strong></span> <span class='ocrx_word' id='word_1_77' title='bbox 450 1190 530 1222; x_wconf 89' lang='lat' dir='ltr'><strong>Duo</strong></span> <span class='ocrx_word' id='word_1_78' title='bbox 560 1188 694 1227; x_wconf 82' lang='lat' dir='ltr'><strong>(etiam</strong></span> <span class='ocrx_word' id='word_1_79' title='bbox 721 1188 853 1225; x_wconf 81' lang='lat' dir='ltr'><strong>Goth.)</strong></span> 
     </span>
     <span class='ocr_line' id='line_1_16' title="bbox 128 1243 854 1285; baseline -0.006 -8"><span class='ocrx_word' id='word_1_80' title='bbox 128 1243 255 1277; x_wconf 69' lang='lat' dir='ltr'><strong>sensit.</strong></span> <span class='ocrx_word' id='word_1_81' title='bbox 298 1245 536 1285; x_wconf 69' lang='lat' dir='ltr'><strong>Fragmvat.</strong></span> <span class='ocrx_word' id='word_1_82' title='bbox 553 1252 626 1284; x_wconf 82' lang='lat' dir='ltr'><strong>per</strong></span> <span class='ocrx_word' id='word_1_83' title='bbox 648 1251 755 1284; x_wconf 76' lang='lat' dir='ltr'><strong>quem</strong></span> <span class='ocrx_word' id='word_1_84' title='bbox 770 1250 854 1273; x_wconf 77' lang='lat' dir='ltr'><strong>non.</strong></span> 
     </span>
     <span class='ocr_line' id='line_1_17' title="bbox 129 1297 855 1340; baseline -0.003 -9"><span class='ocrx_word' id='word_1_85' title='bbox 129 1299 205 1331; x_wconf 72' lang='lat' dir='ltr'><strong>Pal.</strong></span> <span class='ocrx_word' id='word_1_86' title='bbox 216 1299 262 1340; x_wconf 81' lang='lat'><strong>2.,</strong></span> <span class='ocrx_word' id='word_1_87' title='bbox 273 1299 415 1331; x_wconf 80' lang='lat' dir='ltr'><strong>Pirckh.</strong></span> <span class='ocrx_word' id='word_1_88' title='bbox 427 1297 550 1339; x_wconf 72' lang='lat' dir='ltr'><strong>limen,</strong></span> <span class='ocrx_word' id='word_1_89' title='bbox 564 1298 741 1338; x_wconf 82' lang='lat' dir='ltr'><strong>probante</strong></span> <span class='ocrx_word' id='word_1_90' title='bbox 756 1298 855 1330; x_wconf 80' lang='lat' dir='ltr'><strong>Gro-</strong></span> 
     </span>
     <span class='ocr_line' id='line_1_18' title="bbox 128 1354 854 1394; baseline -0.004 -7"><span class='ocrx_word' id='word_1_91' title='bbox 128 1354 250 1388; x_wconf 85' lang='lat' dir='ltr'><strong>novio.</strong></span> <span class='ocrx_word' id='word_1_92' title='bbox 294 1355 365 1387; x_wconf 84' lang='lat' dir='ltr'><strong>Sed</strong></span> <span class='ocrx_word' id='word_1_93' title='bbox 388 1355 511 1386; x_wconf 78' lang='lat' dir='ltr'><strong>lumen</strong></span> <span class='ocrx_word' id='word_1_94' title='bbox 533 1362 659 1385; x_wconf 88' lang='lat' dir='ltr'><strong>verum</strong></span> <span class='ocrx_word' id='word_1_95' title='bbox 682 1361 762 1385; x_wconf 57' lang='lat' dir='ltr'><strong>esse</strong></span> <span class='ocrx_word' id='word_1_96' title='bbox 784 1362 854 1394; x_wconf 91' lang='lat' dir='ltr'><strong>pu-</strong></span> 
     </span>
     <span class='ocr_line' id='line_1_19' title="bbox 129 1409 855 1450; baseline -0.001 -9"><span class='ocrx_word' id='word_1_97' title='bbox 129 1411 190 1450; x_wconf 83' lang='lat' dir='ltr'><strong>to,</strong></span> <span class='ocrx_word' id='word_1_98' title='bbox 220 1409 305 1450; x_wconf 74' lang='lat' dir='ltr'><strong>quia</strong></span> <span class='ocrx_word' id='word_1_99' title='bbox 333 1410 441 1442; x_wconf 83' lang='lat' dir='ltr'><strong>toties</strong></span> <span class='ocrx_word' id='word_1_100' title='bbox 469 1409 579 1441; x_wconf 80' lang='lat' dir='ltr'><strong>vitam</strong></span> <span class='ocrx_word' id='word_1_101' title='bbox 610 1412 647 1441; x_wconf 87' lang='lat' dir='ltr'><strong>et</strong></span> <span class='ocrx_word' id='word_1_102' title='bbox 676 1417 764 1450; x_wconf 86' lang='lat' dir='ltr'><strong>opes</strong></span> <span class='ocrx_word' id='word_1_103' title='bbox 786 1409 855 1441; x_wconf 83' lang='lat' dir='ltr'><strong>sibi</strong></span> 
     </span>
     <span class='ocr_line' id='line_1_20' title="bbox 128 1463 854 1506; baseline 0.003 -12"><span class='ocrx_word' id='word_1_104' title='bbox 128 1463 278 1495; x_wconf 77' lang='lat' dir='ltr'><strong>relictas</strong></span> <span class='ocrx_word' id='word_1_105' title='bbox 301 1471 382 1495; x_wconf 83' lang='lat' dir='ltr'><strong>esse</strong></span> <span class='ocrx_word' id='word_1_106' title='bbox 407 1463 506 1495; x_wconf 85' lang='lat' dir='ltr'><strong>dicit.</strong></span> <span class='ocrx_word' id='word_1_107' title='bbox 539 1463 676 1496; x_wconf 72' lang='grc' dir='ltr'><strong>Βσιυι.</strong></span> <span class='ocrx_word' id='word_1_108' title='bbox 709 1465 854 1506; x_wconf 81' lang='lat' dir='ltr'><strong>Vid.11,</strong></span> 
     </span>
     <span class='ocr_line' id='line_1_21' title="bbox 130 1518 854 1561; baseline 0 -12"><span class='ocrx_word' id='word_1_109' title='bbox 130 1518 221 1558; x_wconf 67' lang='lat'><strong>127„</strong></span> <span class='ocrx_word' id='word_1_110' title='bbox 244 1518 296 1560; x_wconf 83' lang='lat' dir='ltr'><strong>V,</strong></span> <span class='ocrx_word' id='word_1_111' title='bbox 319 1519 356 1560; x_wconf 77' lang='lat'><strong>8,</strong></span> <span class='ocrx_word' id='word_1_112' title='bbox 378 1521 454 1560; x_wconf 66' lang='lat'><strong>55„</strong></span> <span class='ocrx_word' id='word_1_113' title='bbox 476 1519 535 1560; x_wconf 89' lang='lat' dir='ltr'><strong>V,</strong></span> <span class='ocrx_word' id='word_1_114' title='bbox 557 1518 593 1561; x_wconf 75' lang='lat'><strong>4,</strong></span> <span class='ocrx_word' id='word_1_115' title='bbox 617 1519 693 1561; x_wconf 65' lang='lat'><strong>21„</strong></span> <span class='ocrx_word' id='word_1_116' title='bbox 720 1519 771 1560; x_wconf 88' lang='lat' dir='ltr'><strong>V,</strong></span> <span class='ocrx_word' id='word_1_117' title='bbox 798 1518 854 1560; x_wconf 91' lang='grc'><strong>11,</strong></span> 
     </span>
     <span class='ocr_line' id='line_1_22' title="bbox 129 1572 424 1615; baseline -0.003 -10"><span class='ocrx_word' id='word_1_118' title='bbox 129 1573 198 1615; x_wconf 76' lang='grc'><strong>15.,</strong></span> <span class='ocrx_word' id='word_1_119' title='bbox 221 1573 289 1615; x_wconf 81' lang='grc' dir='ltr'><strong>Ν,</strong></span> <span class='ocrx_word' id='word_1_120' title='bbox 312 1573 348 1614; x_wconf 75' lang='grc'><strong>9,</strong></span> <span class='ocrx_word' id='word_1_121' title='bbox 372 1572 424 1604; x_wconf 88' lang='grc'><strong>11.</strong></span> 
     </span>
    </p>

    <p class='ocr_par' dir='ltr' id='par_1_12' title="bbox 126 1622 856 1998">
     <span class='ocr_line' id='line_1_23' title="bbox 172 1622 854 1670; baseline 0.003 -11"><span class='ocrx_word' id='word_1_122' title='bbox 172 1622 292 1669; x_wconf 72' lang='lat' dir='ltr'><strong>Deus,</strong></span> <span class='ocrx_word' id='word_1_123' title='bbox 316 1629 514 1670; x_wconf 78' lang='lat' dir='ltr'><strong>Augustus,</strong></span> <span class='ocrx_word' id='word_1_124' title='bbox 538 1630 577 1660; x_wconf 84' lang='lat' dir='ltr'><strong>ut</strong></span> <span class='ocrx_word' id='word_1_125' title='bbox 601 1637 723 1669; x_wconf 81' lang='lat' dir='ltr'><strong>supra.</strong></span> <span class='ocrx_word' id='word_1_126' title='bbox 768 1629 854 1661; x_wconf 84' lang='lat' dir='ltr'><strong>Non</strong></span> 
     </span>
     <span class='ocr_line' id='line_1_24' title="bbox 129 1682 856 1726; baseline 0.006 -13"><span class='ocrx_word' id='word_1_127' title='bbox 129 1682 251 1714; x_wconf 71' lang='lat' dir='ltr'><strong>lumen</strong></span> <span class='ocrx_word' id='word_1_128' title='bbox 275 1683 382 1714; x_wconf 78' lang='lat' dir='ltr'><strong>etiam</strong></span> <span class='ocrx_word' id='word_1_129' title='bbox 405 1684 490 1724; x_wconf 78' lang='lat' dir='ltr'><strong>seg.</strong></span> <span class='ocrx_word' id='word_1_130' title='bbox 513 1688 549 1716; x_wconf 84' lang='lat' dir='ltr'><strong>et</strong></span> <span class='ocrx_word' id='word_1_131' title='bbox 571 1684 651 1716; x_wconf 83' lang='lat' dir='ltr'><strong>Bel.</strong></span> <span class='ocrx_word' id='word_1_132' title='bbox 695 1685 856 1726; x_wconf 77' lang='lat' dir='ltr'><strong>Denique</strong></span> 
     </span>
     <span class='ocr_line' id='line_1_25' title="bbox 128 1737 855 1780; baseline 0.001 -11"><span class='ocrx_word' id='word_1_133' title='bbox 128 1737 205 1769; x_wconf 78' lang='lat' dir='ltr'><strong>Pal.</strong></span> <span class='ocrx_word' id='word_1_134' title='bbox 233 1737 277 1779; x_wconf 86' lang='lat'><strong>1.‚</strong></span> <span class='ocrx_word' id='word_1_135' title='bbox 302 1738 422 1770; x_wconf 81' lang='lat' dir='ltr'><strong>Guelf.</strong></span> <span class='ocrx_word' id='word_1_136' title='bbox 453 1748 475 1770; x_wconf 83' lang='lat' dir='ltr'><strong>a</strong></span> <span class='ocrx_word' id='word_1_137' title='bbox 505 1740 535 1772; x_wconf 90' lang='lat'><strong>1.</strong></span> <span class='ocrx_word' id='word_1_138' title='bbox 564 1749 609 1771; x_wconf 90' lang='lat' dir='ltr'><strong>m.</strong></span> <span class='ocrx_word' id='word_1_139' title='bbox 639 1748 717 1771; x_wconf 87' lang='lat' dir='ltr'><strong>cum</strong></span> <span class='ocrx_word' id='word_1_140' title='bbox 748 1740 855 1780; x_wconf 82' lang='lat' dir='ltr'><strong>paul-</strong></span> 
     </span>
     <span class='ocr_line' id='line_1_26' title="bbox 128 1791 854 1825; baseline 0 -1"><span class='ocrx_word' id='word_1_141' title='bbox 128 1791 167 1824; x_wconf 88' lang='lat' dir='ltr'><strong>lo</strong></span> <span class='ocrx_word' id='word_1_142' title='bbox 212 1792 326 1824; x_wconf 84' lang='lat' dir='ltr'><strong>minus</strong></span> <span class='ocrx_word' id='word_1_143' title='bbox 361 1793 502 1824; x_wconf 83' lang='lat' dir='ltr'><strong>dimidia</strong></span> <span class='ocrx_word' id='word_1_144' title='bbox 533 1794 693 1825; x_wconf 87' lang='lat' dir='ltr'><strong>codicum</strong></span> <span class='ocrx_word' id='word_1_145' title='bbox 732 1793 854 1825; x_wconf 82' lang='lat' dir='ltr'><strong>Heius.</strong></span> 
     </span>
     <span class='ocr_line' id='line_1_27' title="bbox 129 1847 854 1889; baseline 0 -10"><span class='ocrx_word' id='word_1_146' title='bbox 129 1849 268 1889; x_wconf 73' lang='lat' dir='ltr'><strong>pau-te,-</strong></span> <span class='ocrx_word' id='word_1_147' title='bbox 291 1847 399 1880; x_wconf 82' lang='lat' dir='ltr'><strong>Grev.</strong></span> <span class='ocrx_word' id='word_1_148' title='bbox 431 1851 467 1879; x_wconf 87' lang='lat' dir='ltr'><strong>et</strong></span> <span class='ocrx_word' id='word_1_149' title='bbox 502 1848 621 1880; x_wconf 88' lang='lat' dir='ltr'><strong>Berol.</strong></span> <span class='ocrx_word' id='word_1_150' title='bbox 657 1848 713 1879; x_wconf 83' lang='lat' dir='ltr'><strong>est</strong></span> <span class='ocrx_word' id='word_1_151' title='bbox 748 1848 854 1879; x_wconf 86' lang='lat' dir='ltr'><strong>omit-</strong></span> 
     </span>
     <span class='ocr_line' id='line_1_28' title="bbox 128 1902 854 1944; baseline 0.001 -10"><span class='ocrx_word' id='word_1_152' title='bbox 128 1904 220 1935; x_wconf 80' lang='lat' dir='ltr'><strong>tunt.</strong></span> <span class='ocrx_word' id='word_1_153' title='bbox 274 1902 416 1944; x_wconf 79' lang='lat' dir='ltr'><strong>Reliqui</strong></span> <span class='ocrx_word' id='word_1_154' title='bbox 445 1904 485 1934; x_wconf 89' lang='lat' dir='ltr'><strong>et</strong></span> <span class='ocrx_word' id='word_1_155' title='bbox 508 1906 596 1934; x_wconf 84' lang='lat' dir='ltr'><strong>vett.</strong></span> <span class='ocrx_word' id='word_1_156' title='bbox 622 1903 700 1934; x_wconf 83' lang='lat' dir='ltr'><strong>edd.</strong></span> <span class='ocrx_word' id='word_1_157' title='bbox 724 1903 854 1935; x_wconf 77' lang='lat' dir='ltr'><strong>adem-</strong></span> 
     </span>
     <span class='ocr_line' id='line_1_29' title="bbox 126 1957 325 1998; baseline -0.005 -8"><span class='ocrx_word' id='word_1_158' title='bbox 126 1959 234 1998; x_wconf 75' lang='lat' dir='ltr'><strong>ptum</strong></span> <span class='ocrx_word' id='word_1_159' title='bbox 259 1957 325 1990; x_wconf 73' lang='lat' dir='ltr'><strong>est.</strong></span> 
     </span>
    </p>
   </div>
   <div class='ocr_carea' id='block_1_9' title="bbox 125 2033 854 2517">
    <p class='ocr_par' dir='ltr' id='par_1_13' title="bbox 125 2033 853 2241">
     <span class='ocr_line' id='line_1_30' title="bbox 171 2033 853 2075; baseline 0.001 -9"><span class='ocrx_word' id='word_1_160' title='bbox 171 2033 224 2066; x_wconf 75' lang='lat'><strong>4⁷.</strong></span> <span class='ocrx_word' id='word_1_161' title='bbox 257 2034 304 2066; x_wconf 86' lang='lat' dir='ltr'><strong>Et</strong></span> <span class='ocrx_word' id='word_1_162' title='bbox 340 2033 429 2066; x_wconf 76' lang='lat' dir='ltr'><strong>haec</strong></span> <span class='ocrx_word' id='word_1_163' title='bbox 464 2035 642 2067; x_wconf 81' lang='lat' dir='ltr'><strong>sententia</strong></span> <span class='ocrx_word' id='word_1_164' title='bbox 676 2042 853 2075; x_wconf 83' lang='lat' dir='ltr'><strong>persaepe</strong></span> 
     </span>
     <span class='ocr_line' id='line_1_31' title="bbox 125 2088 852 2132; baseline 0.001 -11"><span class='ocrx_word' id='word_1_165' title='bbox 125 2089 223 2122; x_wconf 83' lang='lat' dir='ltr'><strong>redit</strong></span> <span class='ocrx_word' id='word_1_166' title='bbox 244 2089 281 2121; x_wconf 86' lang='lat' dir='ltr'><strong>in</strong></span> <span class='ocrx_word' id='word_1_167' title='bbox 301 2088 354 2120; x_wconf 83' lang='lat' dir='ltr'><strong>his</strong></span> <span class='ocrx_word' id='word_1_168' title='bbox 377 2090 603 2121; x_wconf 77' lang='lat' dir='ltr'><strong>carminibus,</strong></span> <span class='ocrx_word' id='word_1_169' title='bbox 624 2091 717 2132; x_wconf 67' lang='lat'>‚111,</span> <span class='ocrx_word' id='word_1_170' title='bbox 737 2091 770 2132; x_wconf 89' lang='lat'><strong>1,</strong></span> <span class='ocrx_word' id='word_1_171' title='bbox 783 2091 852 2132; x_wconf 60' lang='lat'><strong>75„</strong></span> 
     </span>
     <span class='ocr_line' id='line_1_32' title="bbox 127 2143 852 2188; baseline 0.003 -11"><span class='ocrx_word' id='word_1_172' title='bbox 127 2146 193 2182; x_wconf 86' lang='lat'>111,</span> <span class='ocrx_word' id='word_1_173' title='bbox 217 2145 253 2186; x_wconf 78' lang='lat'><strong>9,</strong></span> <span class='ocrx_word' id='word_1_174' title='bbox 276 2143 343 2186; x_wconf 70' lang='lat'><strong>19„</strong></span> <span class='ocrx_word' id='word_1_175' title='bbox 367 2145 435 2186; x_wconf 83' lang='lat' dir='ltr'><strong>IV,</strong></span> <span class='ocrx_word' id='word_1_176' title='bbox 459 2144 494 2186; x_wconf 90' lang='lat'><strong>1,</strong></span> <span class='ocrx_word' id='word_1_177' title='bbox 518 2145 564 2186; x_wconf 83' lang='grc'><strong>9.,</strong></span> <span class='ocrx_word' id='word_1_178' title='bbox 587 2146 624 2176; x_wconf 88' lang='lat' dir='ltr'><strong>ll</strong></span> <span class='ocrx_word' id='word_1_179' title='bbox 646 2145 681 2177; x_wconf 91' lang='lat' dir='ltr'><strong>in</strong></span> <span class='ocrx_word' id='word_1_180' title='bbox 698 2146 783 2187; x_wconf 83' lang='lat' dir='ltr'><strong>fine,</strong></span> <span class='ocrx_word' id='word_1_181' title='bbox 801 2147 852 2188; x_wconf 70' lang='lat' dir='ltr'><strong>V,</strong></span> 
     </span>
     <span class='ocr_line' id='line_1_33' title="bbox 129 2197 530 2241; baseline 0 -11"><span class='ocrx_word' id='word_1_182' title='bbox 129 2197 165 2241; x_wconf 89' lang='lat'><strong>1,</strong></span> <span class='ocrx_word' id='word_1_183' title='bbox 188 2198 242 2230; x_wconf 73' lang='lat'><strong>45.</strong></span> <span class='ocrx_word' id='word_1_184' title='bbox 387 2234 390 2240; x_wconf 36' lang='lat'>¹</span> <span class='ocrx_word' id='word_1_185' title='bbox 524 2218 530 2223; x_wconf 89' lang='lat'><em>-</em></span> 
     </span>
    </p>

    <p class='ocr_par' dir='ltr' id='par_1_14' title="bbox 126 2254 853 2351">
     <span class='ocr_line' id='line_1_34' title="bbox 172 2254 853 2302; baseline 0.001 -16"><span class='ocrx_word' id='word_1_186' title='bbox 172 2255 267 2286; x_wconf 78' lang='lat' dir='ltr'><strong>Mor.</strong></span> <span class='ocrx_word' id='word_1_187' title='bbox 290 2263 357 2295; x_wconf 86' lang='lat' dir='ltr'><strong>pro</strong></span> <span class='ocrx_word' id='word_1_188' title='bbox 385 2265 422 2288; x_wconf 60' lang='grc' dir='ltr'><strong>Υ.</strong></span> <span class='ocrx_word' id='word_1_189' title='bbox 449 2264 522 2302; x_wconf 59' lang='lat' dir='ltr'><strong>scr.</strong></span> <span class='ocrx_word' id='word_1_190' title='bbox 547 2254 684 2296; x_wconf 80' lang='lat' dir='ltr'><strong>vivam,</strong></span> <span class='ocrx_word' id='word_1_191' title='bbox 706 2256 771 2287; x_wconf 87' lang='lat' dir='ltr'><strong>sed</strong></span> <span class='ocrx_word' id='word_1_192' title='bbox 793 2254 853 2287; x_wconf 78' lang='grc' dir='ltr'><strong>υἰ-</strong></span> 
     </span>
     <span class='ocr_line' id='line_1_35' title="bbox 126 2304 672 2351; baseline 0.004 -11"><span class='ocrx_word' id='word_1_193' title='bbox 126 2309 198 2341; x_wconf 82' lang='lat' dir='ltr'><strong>vat</strong></span> <span class='ocrx_word' id='word_1_194' title='bbox 217 2310 329 2342; x_wconf 84' lang='lat' dir='ltr'><strong>multo</strong></span> <span class='ocrx_word' id='word_1_195' title='bbox 352 2309 551 2351; x_wconf 85' lang='lat' dir='ltr'><strong>elegantius</strong></span> <span class='ocrx_word' id='word_1_196' title='bbox 564 2304 640 2342; x_wconf 82' lang='lat' dir='ltr'><strong>&#39;est.</strong></span> <span class='ocrx_word' id='word_1_197' title='bbox 668 2318 672 2321; x_wconf 60' lang='grc'><strong>“</strong></span> 
     </span>
    </p>

    <p class='ocr_par' dir='ltr' id='par_1_15' title="bbox 127 2365 854 2517">
     <span class='ocr_line' id='line_1_36' title="bbox 172 2365 854 2407; baseline 0.004 -12"><span class='ocrx_word' id='word_1_198' title='bbox 172 2365 252 2396; x_wconf 78' lang='lat' dir='ltr'><strong>Put.</strong></span> <span class='ocrx_word' id='word_1_199' title='bbox 276 2368 313 2396; x_wconf 86' lang='lat' dir='ltr'><strong>et</strong></span> <span class='ocrx_word' id='word_1_200' title='bbox 335 2365 389 2396; x_wconf 85' lang='lat' dir='ltr'><strong>IV</strong></span> <span class='ocrx_word' id='word_1_201' title='bbox 411 2365 474 2397; x_wconf 82' lang='lat' dir='ltr'><strong>alii</strong></span> <span class='ocrx_word' id='word_1_202' title='bbox 495 2365 631 2407; x_wconf 64' lang='lat' dir='ltr'><strong>Heius„</strong></span> <span class='ocrx_word' id='word_1_203' title='bbox 663 2369 701 2398; x_wconf 88' lang='lat' dir='ltr'><strong>et</strong></span> <span class='ocrx_word' id='word_1_204' title='bbox 723 2368 807 2407; x_wconf 83' lang='lat' dir='ltr'><strong>seg.</strong></span> <span class='ocrx_word' id='word_1_205' title='bbox 830 2374 854 2398; x_wconf 82' lang='lat' dir='ltr'>a</span> 
     </span>
     <span class='ocr_line' id='line_1_37' title="bbox 127 2417 852 2463; baseline 0 -12"><span class='ocrx_word' id='word_1_206' title='bbox 127 2419 159 2451; x_wconf 85' lang='lat'><strong>1.</strong></span> <span class='ocrx_word' id='word_1_207' title='bbox 183 2427 226 2450; x_wconf 90' lang='lat' dir='ltr'><strong>m.</strong></span> <span class='ocrx_word' id='word_1_208' title='bbox 246 2417 368 2460; x_wconf 76' lang='lat' dir='ltr'><strong>finiat.</strong></span> <span class='ocrx_word' id='word_1_209' title='bbox 411 2420 492 2463; x_wconf 66' lang='lat' dir='ltr'><strong>vid.</strong></span> <span class='ocrx_word' id='word_1_210' title='bbox 514 2421 559 2451; x_wconf 79' lang='lat' dir='ltr'><strong>ad</strong></span> <span class='ocrx_word' id='word_1_211' title='bbox 581 2421 649 2462; x_wconf 88' lang='lat' dir='ltr'><strong>IV,</strong></span> <span class='ocrx_word' id='word_1_212' title='bbox 672 2421 707 2461; x_wconf 79' lang='lat'><strong>2,</strong></span> <span class='ocrx_word' id='word_1_213' title='bbox 731 2421 762 2452; x_wconf 80' lang='lat'><strong>3.</strong></span> <span class='ocrx_word' id='word_1_214' title='bbox 806 2421 852 2452; x_wconf 81' lang='lat' dir='ltr'><strong>V.</strong></span> 
     </span>
     <span class='ocr_line' id='line_1_38' title="bbox 127 2475 852 2517; baseline -0.001 -9"><span class='ocrx_word' id='word_1_215' title='bbox 127 2475 182 2508; x_wconf 73' lang='lat'><strong>48.</strong></span> <span class='ocrx_word' id='word_1_216' title='bbox 217 2475 339 2516; x_wconf 65' lang='lat' dir='ltr'><strong>Goth„</strong></span> <span class='ocrx_word' id='word_1_217' title='bbox 363 2476 454 2516; x_wconf 89' lang='lat' dir='ltr'><strong>lun.,</strong></span> <span class='ocrx_word' id='word_1_218' title='bbox 467 2475 625 2516; x_wconf 64' lang='lat' dir='ltr'><strong>Pirckh„</strong></span> <span class='ocrx_word' id='word_1_219' title='bbox 636 2477 744 2516; x_wconf 65' lang='lat' dir='ltr'><strong>Mor„</strong></span> <span class='ocrx_word' id='word_1_220' title='bbox 756 2475 852 2517; x_wconf 88' lang='lat' dir='ltr'><strong>Rel.,</strong></span> 
     </span>
    </p>
   </div>
   <div class='ocr_carea' id='block_1_10' title="bbox 60 2528 852 2571">
    <p class='ocr_par' dir='ltr' id='par_1_16' title="bbox 60 2528 852 2571">
     <span class='ocr_line' id='line_1_39' title="bbox 60 2528 852 2571; baseline -0.001 -8"><span class='ocrx_word' id='word_1_221' title='bbox 60 2535 63 2537; x_wconf 85' lang='grc'><em>·</em></span> <span class='ocrx_word' id='word_1_222' title='bbox 128 2530 212 2571; x_wconf 70' lang='lat' dir='ltr'><strong>seg.</strong></span> <span class='ocrx_word' id='word_1_223' title='bbox 223 2532 260 2562; x_wconf 86' lang='lat' dir='ltr'><strong>et</strong></span> <span class='ocrx_word' id='word_1_224' title='bbox 272 2530 327 2561; x_wconf 86' lang='lat' dir='ltr'><strong>ed.</strong></span> <span class='ocrx_word' id='word_1_225' title='bbox 340 2529 474 2560; x_wconf 84' lang='lat' dir='ltr'><strong>Bonon.</strong></span> <span class='ocrx_word' id='word_1_226' title='bbox 485 2535 557 2570; x_wconf 83' lang='lat' dir='ltr'><strong>quo</strong></span> <span class='ocrx_word' id='word_1_227' title='bbox 577 2528 708 2570; x_wconf 80' lang='lat' dir='ltr'><strong>fuerit.</strong></span> <span class='ocrx_word' id='word_1_228' title='bbox 742 2531 852 2562; x_wconf 84' lang='lat' dir='ltr'><strong>Male.</strong></span> 
     </span>
    </p>
   </div>
   <div class='ocr_carea' id='block_1_11' title="bbox 99 2604 853 2879">
    <p class='ocr_par' dir='ltr' id='par_1_17' title="bbox 99 2604 853 2879">
     <span class='ocr_line' id='line_1_40' title="bbox 99 2604 662 2646; baseline -0.005 -8"><span class='ocrx_word' id='word_1_229' title='bbox 99 2634 103 2637; x_wconf 22' lang='grc' dir='ltr'><strong><em>Δ</em></strong></span> <span class='ocrx_word' id='word_1_230' title='bbox 170 2606 225 2638; x_wconf 73' lang='lat'><strong>51.</strong></span> <span class='ocrx_word' id='word_1_231' title='bbox 266 2604 520 2646; x_wconf 71' lang='lat' dir='ltr'><strong>Propinquius</strong></span> <span class='ocrx_word' id='word_1_232' title='bbox 564 2604 662 2644; x_wconf 82' lang='lat' dir='ltr'><strong>opto.</strong></span> 
     </span>
     <span class='ocr_line' id='line_1_41' title="bbox 127 2660 852 2703; baseline -0.001 -10"><span class='ocrx_word' id='word_1_233' title='bbox 127 2661 242 2703; x_wconf 68' lang='lat' dir='ltr'><strong>Mam,</strong></span> <span class='ocrx_word' id='word_1_234' title='bbox 265 2661 342 2693; x_wconf 84' lang='lat' dir='ltr'><strong>Pol.</strong></span> <span class='ocrx_word' id='word_1_235' title='bbox 355 2661 401 2702; x_wconf 88' lang='grc'><strong>1.,</strong></span> <span class='ocrx_word' id='word_1_236' title='bbox 417 2661 453 2693; x_wconf 85' lang='lat' dir='ltr'>V</span> <span class='ocrx_word' id='word_1_237' title='bbox 464 2660 527 2692; x_wconf 78' lang='lat' dir='ltr'><strong>alii</strong></span> <span class='ocrx_word' id='word_1_238' title='bbox 544 2660 665 2692; x_wconf 85' lang='lat' dir='ltr'><strong>Heius.</strong></span> <span class='ocrx_word' id='word_1_239' title='bbox 677 2663 714 2693; x_wconf 90' lang='lat' dir='ltr'><strong>et</strong></span> <span class='ocrx_word' id='word_1_240' title='bbox 724 2662 852 2693; x_wconf 89' lang='lat' dir='ltr'><strong>Dresd.</strong></span> 
     </span>
     <span class='ocr_line' id='line_1_42' title="bbox 125 2714 853 2758; baseline 0.004 -12"><span class='ocrx_word' id='word_1_241' title='bbox 125 2714 300 2756; x_wconf 76' lang='lat' dir='ltr'><strong>propinq.</strong></span> <span class='ocrx_word' id='word_1_242' title='bbox 323 2715 423 2755; x_wconf 81' lang='lat' dir='ltr'><strong>opto.</strong></span> <span class='ocrx_word' id='word_1_243' title='bbox 474 2714 549 2746; x_wconf 76' lang='lat' dir='ltr'><strong>Pal.</strong></span> <span class='ocrx_word' id='word_1_244' title='bbox 574 2714 604 2746; x_wconf 92' lang='grc'><strong>1.</strong></span> <span class='ocrx_word' id='word_1_245' title='bbox 610 2736 625 2756; x_wconf 96' lang='grc'>,</span> <span class='ocrx_word' id='word_1_246' title='bbox 647 2715 764 2758; x_wconf 83' lang='lat' dir='ltr'><strong>Busl.,</strong></span> <span class='ocrx_word' id='word_1_247' title='bbox 787 2717 853 2749; x_wconf 82' lang='lat' dir='ltr'><strong>XX</strong></span> 
     </span>
     <span class='ocr_line' id='line_1_43' title="bbox 127 2768 851 2811; baseline 0.006 -11"><span class='ocrx_word' id='word_1_248' title='bbox 127 2768 191 2800; x_wconf 69' lang='lat' dir='ltr'><strong>alii</strong></span> <span class='ocrx_word' id='word_1_249' title='bbox 242 2770 387 2811; x_wconf 63' lang='lat' dir='ltr'><strong>Heius„</strong></span> <span class='ocrx_word' id='word_1_250' title='bbox 440 2770 568 2802; x_wconf 89' lang='lat' dir='ltr'><strong>Dresd.</strong></span> <span class='ocrx_word' id='word_1_251' title='bbox 602 2779 671 2811; x_wconf 86' lang='lat' dir='ltr'><strong>pro</strong></span> <span class='ocrx_word' id='word_1_252' title='bbox 708 2780 743 2803; x_wconf 83' lang='lat' dir='ltr'><strong>v.</strong></span> <span class='ocrx_word' id='word_1_253' title='bbox 779 2780 851 2804; x_wconf 87' lang='lat' dir='ltr'><strong>scr.</strong></span> 
     </span>
     <span class='ocr_line' id='line_1_44' title="bbox 127 2816 851 2879; baseline 0.004 -24"><span class='ocrx_word' id='word_1_254' title='bbox 127 2816 181 2855; x_wconf 66' lang='lat' dir='ltr'><strong>es</strong></span> <span class='ocrx_word' id='word_1_255' title='bbox 209 2823 338 2865; x_wconf 78' lang='lat' dir='ltr'><strong>reliqui</strong></span> <span class='ocrx_word' id='word_1_256' title='bbox 391 2825 508 2858; x_wconf 83' lang='lat' dir='ltr'><strong>nostri</strong></span> <span class='ocrx_word' id='word_1_257' title='bbox 553 2823 715 2868; x_wconf 74' lang='lat' dir='ltr'><strong>quietius</strong></span> <span class='ocrx_word' id='word_1_258' title='bbox 752 2826 851 2879; x_wconf 64' lang='lat' dir='ltr'><strong>opto.</strong></span> 
     </span>
    </p>
   </div>
   <div class='ocr_carea' id='block_1_12' title="bbox 735 2606 852 2648">
    <p class='ocr_par' dir='ltr' id='par_1_18' title="bbox 735 2606 852 2648">
     <span class='ocr_line' id='line_1_45' title="bbox 735 2606 852 2648; baseline -0.009 -10"><span class='ocrx_word' id='word_1_259' title='bbox 735 2606 852 2648; x_wconf 83' lang='lat' dir='ltr'><strong>Vatt.,</strong></span> 
     </span>
    </p>
   </div>
   <div class='ocr_carea' id='block_1_13' title="bbox 919 1183 1653 1614">
    <p class='ocr_par' dir='ltr' id='par_1_19' title="bbox 919 1183 1653 1614">
     <span class='ocr_line' id='line_1_46' title="bbox 921 1183 1653 1228; baseline -0.004 -9"><span class='ocrx_word' id='word_1_260' title='bbox 921 1186 1082 1228; x_wconf 63' lang='lat' dir='ltr'><strong>Pirckli„</strong></span> <span class='ocrx_word' id='word_1_261' title='bbox 1105 1188 1158 1219; x_wconf 87' lang='lat'><strong>111</strong></span> <span class='ocrx_word' id='word_1_262' title='bbox 1179 1186 1242 1218; x_wconf 82' lang='lat' dir='ltr'><strong>alii</strong></span> <span class='ocrx_word' id='word_1_263' title='bbox 1260 1186 1383 1218; x_wconf 77' lang='lat' dir='ltr'><strong>Heius.</strong></span> <span class='ocrx_word' id='word_1_264' title='bbox 1399 1183 1653 1228; x_wconf 73' lang='lat' dir='ltr'><strong>propinquius</strong></span> 
     </span>
     <span class='ocr_line' id='line_1_47' title="bbox 923 1241 1653 1283; baseline 0.001 -11"><span class='ocrx_word' id='word_1_265' title='bbox 923 1249 1003 1273; x_wconf 84' lang='lat' dir='ltr'><strong>or0.</strong></span> <span class='ocrx_word' id='word_1_266' title='bbox 1048 1242 1158 1274; x_wconf 83' lang='lat' dir='ltr'><strong>Pauci</strong></span> <span class='ocrx_word' id='word_1_267' title='bbox 1182 1242 1303 1274; x_wconf 82' lang='lat' dir='ltr'><strong>Heius.</strong></span> <span class='ocrx_word' id='word_1_268' title='bbox 1321 1241 1480 1283; x_wconf 73' lang='lat' dir='ltr'><strong>quietius</strong></span> <span class='ocrx_word' id='word_1_269' title='bbox 1504 1250 1585 1273; x_wconf 87' lang='lat' dir='ltr'><strong>oro.</strong></span> <span class='ocrx_word' id='word_1_270' title='bbox 1607 1257 1653 1263; x_wconf 93' lang='lat'>—</span> 
     </span>
     <span class='ocr_line' id='line_1_48' title="bbox 923 1294 1650 1337; baseline 0.003 -11"><span class='ocrx_word' id='word_1_271' title='bbox 923 1294 1177 1337; x_wconf 74' lang='lat' dir='ltr'><strong>Pmpinqm‘us</strong></span> <span class='ocrx_word' id='word_1_272' title='bbox 1193 1305 1264 1328; x_wconf 88' lang='lat' dir='ltr'><strong>non</strong></span> <span class='ocrx_word' id='word_1_273' title='bbox 1283 1295 1444 1337; x_wconf 75' lang='lat' dir='ltr'><strong>quietius</strong></span> <span class='ocrx_word' id='word_1_274' title='bbox 1459 1295 1650 1337; x_wconf 83' lang='lat' dir='ltr'><strong>legendum</strong></span> 
     </span>
     <span class='ocr_line' id='line_1_49' title="bbox 923 1350 1652 1391; baseline -0.001 -9"><span class='ocrx_word' id='word_1_275' title='bbox 923 1357 1004 1382; x_wconf 88' lang='lat' dir='ltr'><strong>esse</strong></span> <span class='ocrx_word' id='word_1_276' title='bbox 1027 1351 1095 1383; x_wconf 78' lang='lat' dir='ltr'><strong>iam</strong></span> <span class='ocrx_word' id='word_1_277' title='bbox 1125 1352 1217 1384; x_wconf 83' lang='lat' dir='ltr'><strong>vidit</strong></span> <span class='ocrx_word' id='word_1_278' title='bbox 1239 1352 1424 1384; x_wconf 80' lang='lat' dir='ltr'><strong>Ciosanus.</strong></span> <span class='ocrx_word' id='word_1_279' title='bbox 1484 1350 1652 1391; x_wconf 59' lang='lat' dir='ltr'><strong>Quietum</strong></span> 
     </span>
     <span class='ocr_line' id='line_1_50' title="bbox 921 1391 1651 1449; baseline 0 -12"><span class='ocrx_word' id='word_1_280' title='bbox 921 1406 1022 1438; x_wconf 80' lang='lat' dir='ltr'><strong>nuxit</strong></span> <span class='ocrx_word' id='word_1_281' title='bbox 1053 1415 1073 1438; x_wconf 92' lang='lat' dir='ltr'><strong>e</strong></span> <span class='ocrx_word' id='word_1_282' title='bbox 1103 1391 1267 1448; x_wconf 77' lang='lat'><strong>11,&#39;577.</strong></span> <span class='ocrx_word' id='word_1_283' title='bbox 1318 1406 1421 1449; x_wconf 78' lang='lat' dir='ltr'><strong>Quod</strong></span> <span class='ocrx_word' id='word_1_284' title='bbox 1452 1411 1572 1439; x_wconf 86' lang='lat' dir='ltr'><strong>autem</strong></span> <span class='ocrx_word' id='word_1_285' title='bbox 1602 1405 1651 1438; x_wconf 87' lang='lat' dir='ltr'><strong>ibi</strong></span> 
     </span>
     <span class='ocr_line' id='line_1_51' title="bbox 919 1461 1650 1504; baseline 0 -12"><span class='ocrx_word' id='word_1_286' title='bbox 919 1462 1034 1494; x_wconf 84' lang='lat' dir='ltr'><strong>verbo</strong></span> <span class='ocrx_word' id='word_1_287' title='bbox 1058 1462 1236 1504; x_wconf 54' lang='lat' dir='ltr'><strong>quietius,</strong></span> <span class='ocrx_word' id='word_1_288' title='bbox 1270 1464 1330 1495; x_wconf 82' lang='lat' dir='ltr'><strong>hic</strong></span> <span class='ocrx_word' id='word_1_289' title='bbox 1358 1467 1436 1495; x_wconf 86' lang='lat' dir='ltr'><strong>toto</strong></span> <span class='ocrx_word' id='word_1_290' title='bbox 1467 1461 1650 1494; x_wconf 85' lang='lat' dir='ltr'><strong>versiculo</strong></span> 
     </span>
     <span class='ocr_line' id='line_1_52' title="bbox 920 1516 1652 1558; baseline -0.001 -11"><span class='ocrx_word' id='word_1_291' title='bbox 920 1516 974 1547; x_wconf 77' lang='lat'><strong>52.</strong></span> <span class='ocrx_word' id='word_1_292' title='bbox 1003 1517 1224 1550; x_wconf 81' lang='lat' dir='ltr'><strong>declaratur.</strong></span> <span class='ocrx_word' id='word_1_293' title='bbox 1281 1517 1379 1558; x_wconf 82' lang='lat' dir='ltr'><strong>Opto</strong></span> <span class='ocrx_word' id='word_1_294' title='bbox 1411 1520 1448 1550; x_wconf 90' lang='lat' dir='ltr'><strong>et</strong></span> <span class='ocrx_word' id='word_1_295' title='bbox 1479 1516 1652 1548; x_wconf 83' lang='lat' dir='ltr'><strong>maiorem</strong></span> 
     </span>
     <span class='ocr_line' id='line_1_53' title="bbox 920 1570 1651 1614; baseline 0 -13"><span class='ocrx_word' id='word_1_296' title='bbox 920 1571 1028 1603; x_wconf 78' lang='lat' dir='ltr'><strong>habet</strong></span> <span class='ocrx_word' id='word_1_297' title='bbox 1046 1573 1302 1605; x_wconf 76' lang='lat' dir='ltr'><strong>auctoritatem</strong></span> <span class='ocrx_word' id='word_1_298' title='bbox 1315 1573 1494 1614; x_wconf 86' lang='lat' dir='ltr'><strong>codicum,</strong></span> <span class='ocrx_word' id='word_1_299' title='bbox 1511 1573 1549 1603; x_wconf 80' lang='lat' dir='ltr'><strong>et</strong></span> <span class='ocrx_word' id='word_1_300' title='bbox 1571 1570 1651 1601; x_wconf 86' lang='lat' dir='ltr'><strong>ele-</strong></span> 
     </span>
    </p>
   </div>
   <div class='ocr_carea' id='block_1_14' title="bbox 902 1624 1155 1667">
    <p class='ocr_par' dir='ltr' id='par_1_20' title="bbox 902 1624 1155 1667">
     <span class='ocr_line' id='line_1_54' title="bbox 902 1624 1155 1667; baseline 0 -7"><span class='ocrx_word' id='word_1_301' title='bbox 902 1624 1065 1667; x_wconf 70' lang='lat' dir='ltr'><strong>&#39;gautius</strong></span> <span class='ocrx_word' id='word_1_302' title='bbox 1088 1630 1155 1660; x_wconf 86' lang='lat' dir='ltr'><strong>est.</strong></span> 
     </span>
    </p>
   </div>
   <div class='ocr_carea' id='block_1_15' title="bbox 917 1714 1651 2420">
    <p class='ocr_par' dir='ltr' id='par_1_21' title="bbox 917 1714 1651 2309">
     <span class='ocr_line' id='line_1_55' title="bbox 965 1714 1649 1756; baseline -0.001 -10"><span class='ocrx_word' id='word_1_303' title='bbox 965 1716 1019 1747; x_wconf 81' lang='lat'><strong>³2.</strong></span> <span class='ocrx_word' id='word_1_304' title='bbox 1053 1714 1187 1746; x_wconf 80' lang='lat' dir='ltr'><strong>Locus.</strong></span> <span class='ocrx_word' id='word_1_305' title='bbox 1233 1716 1360 1756; x_wconf 89' lang='lat' dir='ltr'><strong>Bern.,</strong></span> <span class='ocrx_word' id='word_1_306' title='bbox 1389 1715 1531 1756; x_wconf 70' lang='lat' dir='ltr'><strong>Guelt,</strong></span> <span class='ocrx_word' id='word_1_307' title='bbox 1563 1715 1649 1755; x_wconf 75' lang='lat' dir='ltr'><strong>seg.</strong></span> 
     </span>
     <span class='ocr_line' id='line_1_56' title="bbox 921 1771 1651 1811; baseline -0.001 -10"><span class='ocrx_word' id='word_1_308' title='bbox 921 1778 989 1810; x_wconf 86' lang='lat' dir='ltr'><strong>pro</strong></span> <span class='ocrx_word' id='word_1_309' title='bbox 1019 1780 1054 1802; x_wconf 86' lang='lat' dir='ltr'><strong>v.</strong></span> <span class='ocrx_word' id='word_1_310' title='bbox 1084 1778 1177 1811; x_wconf 63' lang='lat' dir='ltr'><strong>scra,</strong></span> <span class='ocrx_word' id='word_1_311' title='bbox 1209 1773 1247 1802; x_wconf 75' lang='lat' dir='ltr'><strong>et</strong></span> <span class='ocrx_word' id='word_1_312' title='bbox 1282 1772 1371 1801; x_wconf 84' lang='lat' dir='ltr'><strong>vett.</strong></span> <span class='ocrx_word' id='word_1_313' title='bbox 1408 1771 1487 1801; x_wconf 90' lang='lat' dir='ltr'><strong>edd.</strong></span> <span class='ocrx_word' id='word_1_314' title='bbox 1516 1771 1651 1801; x_wconf 76' lang='lat' dir='ltr'><strong>locum.</strong></span> 
     </span>
     <span class='ocr_line' id='line_1_57' title="bbox 920 1825 1650 1867; baseline 0 -11"><span class='ocrx_word' id='word_1_315' title='bbox 920 1825 1016 1857; x_wconf 91' lang='lat' dir='ltr'><strong>Busl.</strong></span> <span class='ocrx_word' id='word_1_316' title='bbox 1040 1834 1118 1856; x_wconf 79' lang='lat' dir='ltr'><strong>esse</strong></span> <span class='ocrx_word' id='word_1_317' title='bbox 1140 1826 1288 1856; x_wconf 47' lang='lat' dir='ltr'><strong>locum?</strong></span> <span class='ocrx_word' id='word_1_318' title='bbox 1316 1825 1438 1866; x_wconf 64' lang='lat' dir='ltr'><strong>Goth„</strong></span> <span class='ocrx_word' id='word_1_319' title='bbox 1456 1826 1551 1867; x_wconf 64' lang='lat' dir='ltr'><strong>rut,</strong></span> <span class='ocrx_word' id='word_1_320' title='bbox 1574 1825 1650 1857; x_wconf 84' lang='lat' dir='ltr'><strong>Pal.</strong></span> 
     </span>
     <span class='ocr_line' id='line_1_58' title="bbox 922 1880 1650 1922; baseline 0.001 -11"><span class='ocrx_word' id='word_1_321' title='bbox 922 1880 966 1922; x_wconf 91' lang='grc'><strong>1.,</strong></span> <span class='ocrx_word' id='word_1_322' title='bbox 990 1881 1136 1922; x_wconf 83' lang='lat' dir='ltr'><strong>Franc.,</strong></span> <span class='ocrx_word' id='word_1_323' title='bbox 1167 1885 1204 1913; x_wconf 88' lang='lat' dir='ltr'><strong>et</strong></span> <span class='ocrx_word' id='word_1_324' title='bbox 1226 1880 1356 1921; x_wconf 86' lang='lat' dir='ltr'><strong>reliqui</strong></span> <span class='ocrx_word' id='word_1_325' title='bbox 1382 1880 1535 1922; x_wconf 84' lang='lat' dir='ltr'><strong>Heinsii,</strong></span> <span class='ocrx_word' id='word_1_326' title='bbox 1559 1890 1650 1921; x_wconf 86' lang='lat' dir='ltr'><strong>quo-</strong></span> 
     </span>
     <span class='ocr_line' id='line_1_59' title="bbox 918 1934 1649 1977; baseline 0.001 -10"><span class='ocrx_word' id='word_1_327' title='bbox 918 1944 997 1967; x_wconf 87' lang='lat' dir='ltr'><strong>rum</strong></span> <span class='ocrx_word' id='word_1_328' title='bbox 1023 1935 1238 1968; x_wconf 78' lang='lat' dir='ltr'><strong>collationes</strong></span> <span class='ocrx_word' id='word_1_329' title='bbox 1267 1937 1398 1977; x_wconf 82' lang='lat' dir='ltr'><strong>plenae</strong></span> <span class='ocrx_word' id='word_1_330' title='bbox 1428 1934 1576 1968; x_wconf 62' lang='lat' dir='ltr'><strong>exstans</strong></span> <span class='ocrx_word' id='word_1_331' title='bbox 1603 1945 1649 1968; x_wconf 92' lang='lat' dir='ltr'><strong>o-</strong></span> 
     </span>
     <span class='ocr_line' id='line_1_60' title="bbox 918 1991 1648 2033; baseline 0.003 -11"><span class='ocrx_word' id='word_1_332' title='bbox 918 1998 1018 2023; x_wconf 88' lang='lat' dir='ltr'><strong>mnes</strong></span> <span class='ocrx_word' id='word_1_333' title='bbox 1042 1992 1153 2028; x_wconf 82' lang='lat' dir='ltr'><strong>(unde</strong></span> <span class='ocrx_word' id='word_1_334' title='bbox 1177 1991 1307 2024; x_wconf 87' lang='lat' dir='ltr'><strong>coniici</strong></span> <span class='ocrx_word' id='word_1_335' title='bbox 1330 1995 1451 2033; x_wconf 88' lang='lat' dir='ltr'><strong>potest</strong></span> <span class='ocrx_word' id='word_1_336' title='bbox 1478 1994 1522 2024; x_wconf 89' lang='lat' dir='ltr'><strong>de</strong></span> <span class='ocrx_word' id='word_1_337' title='bbox 1545 1995 1648 2024; x_wconf 89' lang='lat' dir='ltr'><strong>cete-</strong></span> 
     </span>
     <span class='ocr_line' id='line_1_61' title="bbox 918 2046 1647 2088; baseline 0.001 -10"><span class='ocrx_word' id='word_1_338' title='bbox 918 2046 1002 2088; x_wconf 85' lang='lat' dir='ltr'><strong>ris),</strong></span> <span class='ocrx_word' id='word_1_339' title='bbox 1025 2047 1141 2079; x_wconf 86' lang='lat' dir='ltr'><strong>nostri</strong></span> <span class='ocrx_word' id='word_1_340' title='bbox 1163 2047 1200 2078; x_wconf 89' lang='lat' dir='ltr'><strong>V</strong></span> <span class='ocrx_word' id='word_1_341' title='bbox 1224 2046 1341 2086; x_wconf 81' lang='lat' dir='ltr'><strong>locus,</strong></span> <span class='ocrx_word' id='word_1_342' title='bbox 1364 2049 1481 2088; x_wconf 87' lang='lat' dir='ltr'><strong>quod,</strong></span> <span class='ocrx_word' id='word_1_343' title='bbox 1505 2049 1647 2088; x_wconf 78' lang='lat' dir='ltr'><strong>quando</strong></span> 
     </span>
     <span class='ocr_line' id='line_1_62' title="bbox 918 2101 1649 2143; baseline 0.005 -11"><span class='ocrx_word' id='word_1_344' title='bbox 918 2101 953 2132; x_wconf 88' lang='lat' dir='ltr'><strong>id</strong></span> <span class='ocrx_word' id='word_1_345' title='bbox 977 2101 1131 2143; x_wconf 81' lang='lat' dir='ltr'><strong>agimus,</strong></span> <span class='ocrx_word' id='word_1_346' title='bbox 1155 2104 1193 2133; x_wconf 87' lang='lat' dir='ltr'><strong>ut</strong></span> <span class='ocrx_word' id='word_1_347' title='bbox 1217 2104 1353 2133; x_wconf 85' lang='lat' dir='ltr'><strong>textum</strong></span> <span class='ocrx_word' id='word_1_348' title='bbox 1377 2104 1421 2134; x_wconf 82' lang='lat' dir='ltr'><strong>ad</strong></span> <span class='ocrx_word' id='word_1_349' title='bbox 1445 2105 1649 2136; x_wconf 76' lang='lat' dir='ltr'><strong>auctorita-</strong></span> 
     </span>
     <span class='ocr_line' id='line_1_63' title="bbox 918 2157 1648 2197; baseline 0.004 -10"><span class='ocrx_word' id='word_1_350' title='bbox 918 2160 990 2188; x_wconf 87' lang='lat' dir='ltr'><strong>tem</strong></span> <span class='ocrx_word' id='word_1_351' title='bbox 1010 2157 1224 2197; x_wconf 81' lang='lat' dir='ltr'><strong>optimorum</strong></span> <span class='ocrx_word' id='word_1_352' title='bbox 1241 2161 1277 2189; x_wconf 86' lang='lat' dir='ltr'><strong>et</strong></span> <span class='ocrx_word' id='word_1_353' title='bbox 1294 2158 1527 2197; x_wconf 87' lang='lat' dir='ltr'><strong>plurimorum</strong></span> <span class='ocrx_word' id='word_1_354' title='bbox 1545 2159 1648 2190; x_wconf 87' lang='lat' dir='ltr'><strong>codd.</strong></span> 
     </span>
     <span class='ocr_line' id='line_1_64' title="bbox 917 2213 1649 2259; baseline 0.003 -16"><span class='ocrx_word' id='word_1_355' title='bbox 917 2213 1153 2253; x_wconf 83' lang='lat' dir='ltr'><strong>reducamus,</strong></span> <span class='ocrx_word' id='word_1_356' title='bbox 1182 2214 1428 2244; x_wconf 84' lang='lat' dir='ltr'><strong>revocandum</strong></span> <span class='ocrx_word' id='word_1_357' title='bbox 1458 2215 1525 2259; x_wconf 68' lang='lat' dir='ltr'><strong>est.</strong></span> <span class='ocrx_word' id='word_1_358' title='bbox 1578 2214 1649 2256; x_wconf 88' lang='lat'>111,</span> 
     </span>
     <span class='ocr_line' id='line_1_65' title="bbox 919 2268 1009 2309; baseline -0.022 -9"><span class='ocrx_word' id='word_1_359' title='bbox 919 2269 955 2309; x_wconf 84' lang='grc'><strong>3,</strong></span> <span class='ocrx_word' id='word_1_360' title='bbox 978 2268 1009 2299; x_wconf 93' lang='grc'><strong>1.</strong></span> 
     </span>
    </p>

    <p class='ocr_par' dir='ltr' id='par_1_22' title="bbox 984 2325 1650 2378">
     <span class='ocr_line' id='line_1_66' title="bbox 984 2325 1650 2378; baseline 0.002 -8"><span class='ocrx_word' id='word_1_361' title='bbox 984 2325 1067 2377; x_wconf 69' lang='lat' dir='ltr'><strong>Ergo</strong></span> <span class='ocrx_word' id='word_1_362' title='bbox 1085 2344 1151 2369; x_wconf 80' lang='lat' dir='ltr'><strong>erat</strong></span> <span class='ocrx_word' id='word_1_363' title='bbox 1169 2341 1200 2369; x_wconf 88' lang='lat' dir='ltr'><strong>in</strong></span> <span class='ocrx_word' id='word_1_364' title='bbox 1218 2340 1288 2370; x_wconf 74' lang='lat' dir='ltr'><strong>fatis</strong></span> <span class='ocrx_word' id='word_1_365' title='bbox 1298 2341 1451 2377; x_wconf 78' lang='lat' dir='ltr'><strong>Scythiam</strong></span> <span class='ocrx_word' id='word_1_366' title='bbox 1467 2349 1585 2378; x_wconf 82' lang='lat' dir='ltr'><strong>quoque</strong></span> <span class='ocrx_word' id='word_1_367' title='bbox 1599 2343 1650 2371; x_wconf 78' lang='lat' dir='ltr'><strong>vi-</strong></span> 
     </span>
    </p>

    <p class='ocr_par' dir='ltr' id='par_1_23' title="bbox 1316 2387 1526 2420">
     <span class='ocr_line' id='line_1_67' title="bbox 1316 2387 1526 2420; baseline 0 -6"><span class='ocrx_word' id='word_1_368' title='bbox 1316 2394 1383 2414; x_wconf 85' lang='lat' dir='ltr'><strong>sere</strong></span> <span class='ocrx_word' id='word_1_369' title='bbox 1403 2387 1526 2420; x_wconf 74' lang='lat' dir='ltr'><strong>nostris,</strong></span> 
     </span>
    </p>
   </div>
   <div class='ocr_carea' id='block_1_16' title="bbox 1038 2429 1647 2503">
    <p class='ocr_par' dir='ltr' id='par_1_24' title="bbox 1038 2429 1647 2503">
     <span class='ocr_line' id='line_1_68' title="bbox 1038 2429 1647 2466; baseline 0.007 -9"><span class='ocrx_word' id='word_1_370' title='bbox 1038 2429 1181 2466; x_wconf 80' lang='lat' dir='ltr'><strong>Quaeque</strong></span> <span class='ocrx_word' id='word_1_371' title='bbox 1212 2430 1365 2466; x_wconf 80' lang='lat' dir='ltr'><strong>Lycaonio</strong></span> <span class='ocrx_word' id='word_1_372' title='bbox 1396 2434 1478 2460; x_wconf 78' lang='lat' dir='ltr'><strong>terra</strong></span> <span class='ocrx_word' id='word_1_373' title='bbox 1508 2433 1563 2460; x_wconf 79' lang='lat' dir='ltr'><strong>sub</strong></span> <span class='ocrx_word' id='word_1_374' title='bbox 1589 2440 1647 2461; x_wconf 76' lang='lat' dir='ltr'><strong>axe</strong></span> 
     </span>
     <span class='ocr_line' id='line_1_69' title="bbox 1313 2474 1403 2503; baseline 0 -1"><span class='ocrx_word' id='word_1_375' title='bbox 1313 2474 1403 2503; x_wconf 75' lang='lat' dir='ltr'><strong>iacet.</strong></span> 
     </span>
    </p>
   </div>
   <div class='ocr_carea' id='block_1_17' title="bbox 918 2543 1122 2584">
    <p class='ocr_par' dir='ltr' id='par_1_25' title="bbox 918 2543 1122 2584">
     <span class='ocr_line' id='line_1_70' title="bbox 918 2543 1122 2584; baseline 0 -10"><span class='ocrx_word' id='word_1_376' title='bbox 918 2543 986 2584; x_wconf 88' lang='lat'>111,</span> <span class='ocrx_word' id='word_1_377' title='bbox 1010 2545 1045 2584; x_wconf 78' lang='lat'><strong>5,</strong></span> <span class='ocrx_word' id='word_1_378' title='bbox 1068 2543 1122 2575; x_wconf 79' lang='lat'><strong>29.</strong></span> 
     </span>
    </p>
   </div>
   <div class='ocr_carea' id='block_1_18' title="bbox 983 2615 1646 2777">
    <p class='ocr_par' dir='ltr' id='par_1_26' title="bbox 983 2615 1646 2777">
     <span class='ocr_line' id='line_1_71' title="bbox 983 2615 1646 2654; baseline 0.008 -12"><span class='ocrx_word' id='word_1_379' title='bbox 983 2615 1127 2651; x_wconf 79' lang='lat' dir='ltr'><strong>Quaeque</strong></span> <span class='ocrx_word' id='word_1_380' title='bbox 1160 2615 1216 2643; x_wconf 72' lang='lat' dir='ltr'><strong>tihi</strong></span> <span class='ocrx_word' id='word_1_381' title='bbox 1257 2618 1305 2644; x_wconf 74' lang='lat' dir='ltr'><strong>est</strong></span> <span class='ocrx_word' id='word_1_382' title='bbox 1338 2617 1460 2652; x_wconf 80' lang='lat' dir='ltr'><strong>linguae</strong></span> <span class='ocrx_word' id='word_1_383' title='bbox 1494 2617 1646 2654; x_wconf 76' lang='lat' dir='ltr'><strong>facundia,</strong></span> 
     </span>
     <span class='ocr_line' id='line_1_72' title="bbox 1314 2660 1570 2697; baseline 0.008 -9"><span class='ocrx_word' id='word_1_384' title='bbox 1314 2660 1418 2688; x_wconf 76' lang='lat' dir='ltr'><strong>confer</strong></span> <span class='ocrx_word' id='word_1_385' title='bbox 1434 2661 1466 2688; x_wconf 90' lang='lat' dir='ltr'><strong>in</strong></span> <span class='ocrx_word' id='word_1_386' title='bbox 1484 2661 1570 2697; x_wconf 85' lang='lat' dir='ltr'><strong>illud,</strong></span> 
     </span>
     <span class='ocr_line' id='line_1_73' title="bbox 1050 2702 1645 2740; baseline 0.007 -9"><span class='ocrx_word' id='word_1_387' title='bbox 1050 2702 1092 2731; x_wconf 79' lang='lat' dir='ltr'><strong>m</strong></span> <span class='ocrx_word' id='word_1_388' title='bbox 1132 2703 1242 2732; x_wconf 68' lang='lat' dir='ltr'><strong>doceas</strong></span> <span class='ocrx_word' id='word_1_389' title='bbox 1281 2706 1383 2732; x_wconf 73' lang='lat' dir='ltr'><strong>votum</strong></span> <span class='ocrx_word' id='word_1_390' title='bbox 1416 2712 1507 2740; x_wconf 80' lang='lat' dir='ltr'><strong>posse</strong></span> <span class='ocrx_word' id='word_1_391' title='bbox 1540 2706 1645 2735; x_wconf 77' lang='lat' dir='ltr'><strong>valere</strong></span> 
     </span>
     <span class='ocr_line' id='line_1_74' title="bbox 1316 2757 1423 2777; baseline -0.009 0"><span class='ocrx_word' id='word_1_392' title='bbox 1316 2757 1423 2777; x_wconf 78' lang='lat' dir='ltr'><strong>meum.</strong></span> 
     </span>
    </p>
   </div>
   <div class='ocr_carea' id='block_1_19' title="bbox 918 2826 1590 2871">
    <p class='ocr_par' dir='ltr' id='par_1_27' title="bbox 918 2826 1590 2871">
     <span class='ocr_line' id='line_1_75' title="bbox 918 2826 1590 2871; baseline 0.003 -12"><span class='ocrx_word' id='word_1_393' title='bbox 918 2826 1029 2860; x_wconf 77' lang='lat' dir='ltr'><strong>Plura</strong></span> <span class='ocrx_word' id='word_1_394' title='bbox 1051 2827 1216 2870; x_wconf 69' lang='lat' dir='ltr'><strong>exempla</strong></span> <span class='ocrx_word' id='word_1_395' title='bbox 1238 2828 1310 2862; x_wconf 84' lang='lat' dir='ltr'><strong>vid.</strong></span> <span class='ocrx_word' id='word_1_396' title='bbox 1331 2829 1377 2861; x_wconf 79' lang='lat' dir='ltr'><strong>ad</strong></span> <span class='ocrx_word' id='word_1_397' title='bbox 1399 2830 1431 2871; x_wconf 87' lang='lat'><strong>1,</strong></span> <span class='ocrx_word' id='word_1_398' title='bbox 1457 2828 1513 2870; x_wconf 86' lang='lat'><strong>10,</strong></span> <span class='ocrx_word' id='word_1_399' title='bbox 1536 2829 1590 2861; x_wconf 75' lang='lat'><strong>31.</strong></span> 
     </span>
    </p>
   </div>
  </div>
 </body>
</html>
