1846 3146
179 181 244 230 46

179 302 539 367 Terribilisque
573 302 738 351 Notus
771 304 922 352 iactat
955 316 1062 351 mea
1098 299 1247 360 dicta,
1282 313 1569 364 precesque,

423 180 479 229 P.
518 179 740 230 OVIDII
774 176 1091 228 NASONIS
1120 175 1467 230 ,TRISTIUM

1648 299 1715 351 15

248 385 335 435 Ad
370 401 492 451 quos
527 387 792 445 mittuntur,
829 401 928 434 non
960 386 1076 434 sinit
1109 386 1197 444 ire,
1236 381 1373 432 deos.

183 469 322 533 Ergo
355 468 486 517 idem
519 460 673 528 venti,
711 483 773 516 ne
809 483 958 517 causa
990 467 1164 516 laedar
1196 470 1247 516 in
1282 483 1393 527 una,

246 551 477 617 Velaque
511 553 681 600 neseio
729 566 825 615 quo
869 557 1085 616 votaque
1127 555 1297 600 nostra
1330 549 1518 598 ferunt!
1553 574 1621 584 -—
1653 575 1719 582 -—

183 636 270 686 Me
305 637 546 697 miserum,
584 635 749 701 quanti
782 639 970 683 montes
1005 634 1278 684 volvuntur
1311 633 1564 699 aquarum!

251 719 352 795 Iam
385 720 480 767 iam
514 722 733 774 tacturos
767 716 935 766 sidera
967 734 1149 767 summa
1181 721 1340 783 putee.

230 853 284 885 15.
313 850 442 884 Dicta.
487 851 656 884 Heinsius
686 858 733 883 ex
759 851 839 884 Pol.
874 851 920 894 1.,
946 847 950 850 ”

185 911 298 952 Mon,
321 909 428 941 Serv.
451 914 475 939 a
497 907 598 943 2.,ιιι.
622 909 659 940 et
681 907 735 940 1V
757 907 840 940 aliis
862 907 922 940 in-

187 966 288 998 duxit
310 963 427 1004 dieta,
451 964 534 1004 quia
547 963 674 998 ,verba
694 964 922 1004 praecessis-

185 1022 253 1053 set.
298 1012 490 1052 Accedunt
513 1019 649 1061 Berol.,
673 1021 826 1062 Rei-sm„
842 1020 923 1052 Rel.

185 1075 329 1116 Reliqui
351 1075 390 1106 et
411 1074 531 1107 nostri
561 1077 599 1107 et
620 1075 743 1107 Heius.
774 1076 811 1107 et
832 1077 923 1107 vett.

186 1133 268 1165 edd.
305 1131 456 1172 praeter
492 1130 631 1162 Bonon.
669 1131 806 1174 verba,
856 1117 926 1164 nisi

188 1189 285 1230 quod
313 1189 389 1218 Iun.
421 1188 458 1218 et
488 1185 596 1219 Crev.
626 1187 732 1229 vela,
757 1189 794 1219 et
815 1187 924 1220 Voss.

187 1243 282 1276 vota
311 1249 332 1273 e
360 1250 396 1272 v.
431 1239 483 1273 18.
514 1241 694 1274 exhibent.
753 1242 925 1284 Scriptu-

188 1307 268 1337 ram
313 1295 435 1337 dicta,
482 1296 514 1328 si
557 1297 668 1333 nullis
705 1300 809 1331 codd.
833 1307 926 1331 con·-

189 1354 413 1394 firmaretur,
433 1352 522 1383 dare
533 1351 597 1383 vix
608 1353 796 1385 auderem:
821 1361 926 1393 quum

190 1410 324 1450 poetae
353 1415 429 1440 non
459 1415 559 1439 raro⁴
578 1408 704 1448 paullo
733 1407 927 1448 negligen-

191 1466 264 1498 tius
295 1464 422 1495 eadem
451 1462 570 1497 verba
599 1465 780 1504 repetant.
844 1462 926 1495 Vid.

189 1522 347 1565 interpp.
378 1520 425 1550 ad
454 1519 531 1552 Tib.
562 1519 595 1560 Ι,
629 1517 665 1560 1,
686 1519 720 1553 ,1.
743 1518 815 1561 45.,
837 1520 868 1560 Ι,
892 1519 928 1559 3,

194 1577 264 1619 31.,
294 1577 327 1617 I,
357 1575 394 1617 6,
418 1575 472 1606 50.
517 1574 575 1606 Ex
603 1573 732 1607 ovidio
762 1573 930 1613 exempla

195 1632 350 1673 collegit
373 1630 472 1663 Gier.
495 1630 543 1662 ad
565 1630 655 1662 Met.
678 1629 762 1671 XV,
785 1629 862 1662 104.
888 1645 928 1651 -—

190 1685 473 1727 Terribilesque
511 1685 649 1717 Notus.
687 1684 771 1718 Vid.
807 1685 855 1716 ad
894 1694 930 1717 v.

196 1744 249 1776 34.
297 1742 466 1775 Ceterum
490 1741 616 1782 pauno
635 1739 801 1780 argutius
814 1739 931 1772 inhoc

194 1799 331 1831 affectu
340 1796 442 1828 venti
454 1796 511 1827 vis
528 1795 660 1827 dicitur
671 1796 862 1838 impedire,
885 1803 932 1828 ne

195 1860 327 1895 preces
349 1858 438 1883 suae
462 1851 507 1881 ad
531 1851 620 1882 deos
632 1851 831 1890 pervenire
842 1859 932 1890 pos-

196 1908 285 1949 sint,
308 1906 373 1938 sed
397 1907 539 1938 easdem
562 1905 687 1938 statim
709 1906 755 1937 ab
775 1913 843 1938 ore
865 1915 932 1938 suo

193 1951 367 2004 abripere
399 1969 444 1993 ac
481 1961 668 2001 dissipare.
721 1958 933 2004 Quanquam

197 2021 372 2060 frequens
387 2018 443 2049 est
457 2017 593 2059 oratio,
617 2019 657 2048 ut
673 2024 734 2058 ea,
759 2024 852 2057 quae
865 2024 933 2048 ne-

196 2075 408 2117 gliguntur,
437 2074 500 2105 aut
527 2072 634 2106 irrita
661 2072 746 2103 sunt
775 2079 822 2103 ac
851 2071 934 2102 fru-

197 2132 388 2171 strantur,
417 2128 536 2161 ventis
566 2130 604 2161 et
626 2127 730 2161 undis
746 2125 849 2161 ‘tradi
871 2126 935 2156 aut

199 2187 246 2219 ab
269 2186 313 2218 iis
336 2183 455 2224 abripi
478 2184 656 2216 dicantur.
690 2184 747 2217 En
767 2181 935 2222 exempla

201 2241 371 2276 Nasonis.
417 2239 525 2272 Trist.
551 2237 581 2270 1.
604 2238 635 2271 8.
660 2238 715 2270 35.
760 2239 885 2270 Amor.
904 2238 936 2278 1,

203 2299 243 2339 6,
264 2297 316 2329 52.

268 2361 326 2390 H'ci
343 2358 434 2394 mib53
453 2363 550 2394 ‘quam
566 2341 660 2391 longa
677 2363 760 2391 spem
779 2357 849 2384 tulit
865 2364 939 2385 aura

292 2418 295 2421 κ
601 2402 712 2429 meam!

205 2459 236 2498 1,
259 2452 297 2497 8,
320 2453 395 2486 106.
491 2497 495 2502 1

270 2529 334 2559 Nec
343 2525 478 2575 tulerint
491 2533 583 2555 voces
599 2511 708 2553 {entus
723 2525 755 2552 et
763 2530 837 2551 aura
846 2528 938 2549 meas.

197 2587 255 2643 Q112
280 2589 316 2631 e,
331 2570 393 2620 44.
434 2593 438 2598 -

272 2651 351 2680 Vota
360 2626 540 2685 procelloso
559 2625 614 2684 per
630 2653 712 2676 mare
730 2648 817 2681 rapta
835 2647 916 2673 noto.

208 2713 258 2753 Π,
289 2709 346 2750 11,
376 2708 429 2740 33.

276 2771 316 2800 At
337 2771 364 2799 si
382 2778 460 2798 vana
486 2768 587 2797 ferunt
609 2768 748 2795 volucres
771 2769 837 2790 mea
863 2761 892 2790 di
897 2764 944 2790 cla

609 2810 773 2847 procellae.

200 2840 297 2907 ιι,
284 2864 343 2905 16,
365 2862 419 2895 45.

1657 714 1723 763 20

1055 848 1157 878 Verba
1173 848 1352 883 puellarum,
1371 845 1579 882 foliisleviora
1590 845 1725 879 caducis,

1105 892 1215 927 Irrita,
1242 901 1302 928 qua
1334 891 1433 920 visum
1468 891 1525 923 est,
1554 891 1663 917 ventus
1695 891 1728 915 et

1389 934 1470 962 unda
1496 932 1608 962 ferunt.

990 976 1136 1008 Remed.
1159 984 1197 1007 v.
1222 973 1298 1006 286.

1057 1037 1148 1066 Irrita
1166 1044 1234 1065 cum
1249 1036 1350 1064 ventis
1367 1035 1462 1064 rerba
1475 1033 1578 1062 culm
1595 1033 1670 1062 noti.

985 1094 1076 1131 {Heia
1099 1098 1148 1139 ΙΙ,
1172 1097 1227 1128 25;

1057 1161 1252 1196 Demophoon
1282 1158 1386 1186 ventis
1414 1155 1568 1185 etv-urba
1597 1156 1628 1182 et
1659 1153 1728 1182 vela

1393 1200 1516 1230 dedisti.

993 1267 1079 1298 Her.
1102 1266 1135 1306 Ι,
1157 1264 1212 1296 79.

1058 1327 1172 1362 Fassar,
1197 1328 1229 1354 et
1251 1325 1310 1353 hoc
1328 1322 1443 1351 crimen
1461 1325 1568 1351 tenues
1585 1320 1732 1352 'vanescat

1392 1366 1425 1395 in
1442 1374 1543 1396 auras.

999 1436 1087 1468 Met.
1111 1432 1215 1473 vm,
1240 1428 1316 1462 134.

1060 1507 1346 1515 ——————
1363 1498 1413 1519 an
1419 1487 1522 1517 inania
1539 1487 1624 1514 vent:

1060 1540 1162 1570 Verba
1185 1539 1299 1571 ferunt,
1322 1535 1463 1570 idemque
1491 1535 1575 1565 tuas,
1601 1529 1732 1564 ingrate,
1734 1535 1748 1544 Ι

1395 1576 1537 1607 carinas?

996 1646 1095 1678 Fast.
1118 1643 1169 1685 V,
1193 1641 1269 1675 685.
1313 1640 1400 1672 Her.
1406 1636 1502 1678 vn,
1516 1635 1550 1667 ’7.
1595 1609 1734 1666 Simili-

998 1703 1056 1732 ter
1087 1699 1175 1730 Hor.
1206 1695 1271 1729 Od.
1301 1695 1334 1736 1,
1365 1693 1430 1734 26,
1474 1691 1506 1722 2.
1497 1711 1529 1732 .,
1568 1688 1630 1721 ubi
1661 1686 1733 1719 vid.

998 1753 1202 1789 Mitscherl.
1225 1750 1301 1785 trib.
1326 1750 1359 1792 1,
1382 1748 1506 1790 5,.35.Δ

1064 1814 1324 1849 laam-(Caurus)
1346 1812 1493 1841 odoratos
1509 1809 1589 1843 vola}
1603 1814 1659 1843 per
1675 1805 1737 1834 Δι-

1398 1861 1526 1885 meinos.

999 1921 1076 1954 Tib.
1099 1922 1167 1962 ιιι,
1190 1920 1233 1960 6,
1255 1916 1327 1959 22,
1348 1913 1476 1956 111,.4,
1498 1912 1569 1946 96..
1599 1908 1732 1946 (zatun.

1000 1977 1132 2017 LXIV,
1156 1975 1210 2006 59.

1067 2037 1157 2066 Irrita
1175 2038 1322 2064 ventosae
1340 2029 1645 2071 linquens-promisse
1662 2033 1735 2062 pro-

1400 2078 1496 2106 cellae
1514 2091 1549 2096 ——

1001 2143 1106 2177 conf.
1130 2142 1233 2174 Hom.
1257 2140 1322 2173 Od.
1345 2138 1454 2178 VIII,
1478 2134 1554 2169 408.
1572 2149 1617 2156 -—
1631 2132 1737 2174 Eryo

1002 2198 1158 2230 dolentis
1182 2198 1249 2228 est.
1294 2193 1458 2234 Vid.11-1,
1479 2191 1517 2232 2,
1541 2189 1588 2232 1.,
1609 2189 1678 2232 IV,
1700 2190 1739 2231 8,
1785 2203 1787 2206 ·

1003 2254 1056 2286 37.
1102 2253 1178 2285 Iun.
1208 2250 1265 2283 sic
1293 2249 1402 2282 idem
1446 2246 1527 2278 Pol.
1556 2252 1624 2276 nec
1645 2240 1737 2285 [lae-

1004 2310 1089 2342 dor.

994 2388 997 2391 '
1051 2387 1103 2419 18.
1139 2384 1313 2424 Velnque.
1357 2382 1435 2413 Iun.
1474 2383 1511 2412 et
1540 2381 1636 2413 Mor.
1668 2387 1736 2420 pro

1007 2452 1042 2475 v.
1065 2442 1091 2474 l.
1115 2438 1305 2479 verbaque
1327 2435 1464 2468 nescio.
1509 2436 1605 2474 Busl.
1629 2437 1667 2467 et
1685 2435 1738 2467 VI

994 2495 1202 2530 ‘aliilleins
1224 2494 1415 2536 verbaque
1435 2491 1582 2527 nostra.
1598 2490 1741 2525 Franc..

1007 2550 1196 2592 verbaque
1219 2558 1255 2581 n.
1279 2558 1314 2592 q.
1338 2548 1506 2590 velaque.

1054 2632 1109 2664 19.
1132 2630 1196 2665 Me
1218 2627 1407 2661 miserum.
1453 2623 1563 2666 Quasi
1577 2623 1740 2658 interru-

1010 2689 1081 2729 ptis
1094 2686 1212 2720 subito
1235 2685 1406 2716 fluctuum
1428 2681 1561 2720 impetu
1580 2677 1740 2720 querelis

1010 2743 1210 2776 exclamat:
1239 2747 1297 2772 me
1324 2736 1524 2769 miserum!
1558 2734 1680 2772 (conf.
1704 2742 1739 2765 v.

1010 2799 1100 2839 450,
1123 2796 1218 2837 quod
1240 2794 1430 2828 transitum
1452 2790 1606 2831 praebet
1622 2790 1667 2821 at!
1680 2787 1739 2820 vi-

997 2852 1242 2893 vidisslmam,
1266 2857 1358 2891 quae
1378 2845 1624 2892 subsequitur,
1647 2846 1739 2877 tem-
