1846 3146
136 238 140 242 ᾗ
176 174 281 225 220

429 174 487 224 P.
524 173 748 226 OVIDII
781 149 1113 228 NASONIS
1133 175 1477 229 TRISTIUM

176 294 412 348 Scribere
445 298 490 347 si
522 297 599 347 fas
633 302 710 349 est
744 300 987 348 imitantes
1021 299 1182 365 turpia
1215 300 1408 361 mim0s3

1611 299 1710 351 515

242 379 486 430 Materiae
518 382 674 431 minor
707 387 784 431 est
818 381 983 432 debita
1016 397 1177 448 poena
1209 396 1361 431 meae.

175 462 261 512 An
296 478 451 528 genus
484 463 581 514 hoc
614 466 787 532 scripti
818 465 1006 515 faciunt
1037 482 1126 514 sua
1157 463 1348 531 pulpita
1371 467 1544 526 tutum,

167 601 196 615 ,ἱ
243 545 483 612 Quodque
515 546 651 609 licet,
686 548 838 597 mimis
872 562 1022 597 scena
1052 547 1208 597 licere
1243 545 1416 596 dedit?

174 628 243 679 Et
276 645 383 678 mea
415 634 528 679 sunt
559 629 744 697 populo
778 630 957 680 saltata
989 635 1214 697 poemata
1247 645 1427 698 uaepe3

240 711 408 780 Saepe
443 713 616 764 oculos
650 715 794 764 etiam
828 713 1082 764 detinuere
1115 718 1240 764 tuos,

174 853 343 886 Heinsius
373 861 420 887 ex
449 862 523 887 uno
554 854 653 888 Gott.
683 853 820 895 primus
849 853 907 887 in-

174 910 276 942 duxit
316 909 460 942 utimur
489 918 558 951 pro
592 909 727 942 utitur.
788 912 908 951 Atque

174 964 304 997 Latine
326 965 379 997 sic
403 965 488 1007 dici,
510 966 731 998 ostendimus
748 968 795 999 ad
816 968 849 1009 Ι,
871 967 908 1009 7,

175 1018 206 1052 1.
252 1021 324 1053 Sed
348 1023 386 1054 et
407 1021 533 1063 paullo
549 1021 723 1054 audacius
745 1023 816 1064 est,
840 1029 909 1054 or-

174 1074 230 1108 bis
252 1076 417 1118 utimur,
448 1078 550 1110 certe
585 1077 757 1110 audacius
780 1077 909 1118 multo,

175 1141 280 1174 quam
303 1132 486 1174 iuventus,
509 1131 656 1175 civitas,
686 1132 838 1164 senatus
861 1141 907 1163 u-

175 1187 314 1230 timur,
344 1190 382 1220 et
411 1188 624 1220 auctoritati
658 1188 814 1220 omnium
836 1196 906 1220 ve-

173 1246 291 1276 terum
319 1243 406 1276 libb.
440 1246 640 1285 repugnat;
670 1245 778 1285 adde,
812 1245 907 1285 quod

173 1299 369 1332 modestius
394 1300 432 1332 et
461 1298 660 1341 simplicius
685 1299 816 1332 dicitur
838 1307 907 1332 or—

173 1354 230 1388 bis
251 1353 388 1387 utitur.

217 1433 294 1466 514.
327 1432 482 1467 Lentus.
528 1434 652 1478 Vulgo
671 1433 815 1475 laetus‚·
838 1433 907 1467 mi·-

172 1497 241 1521 nus
263 1490 374 1530 bene:
408 1498 491 1522 nam
518 1490 639 1533 agitur
670 1493 715 1524 de
737 1491 907 1524 comitate

172 1546 282 1584 atque
306 1543 530 1586 indulgentia
552 1539 707 1590 Augusti
723 1548 766 1581 -in
781 1548 923 1590 rebus,-

173 1608 266 1641 quae
288 1600 459 1642 populum
476 1601 715 1637 oblectarent.
754 1603 907 1644 Laetus,

174 1658 213 1688 ut
245 1658 349 1689 recte
382 1659 506 1690 monet
536 1658 782 1702 Burmannus,
827 1660 907 1699 fere

172 1714 270 1744 esset
282 1712 538 1753 exprobrantis
554 1716 720 1756 Augusto
733 1715 907 1756 volupta—

114 1782 124 1793 κ
173 1769 274 1811 tem,
308 1775 411 1809 quam
446 1778 493 1802 ex
529 1771 684 1804 scenicis
718 1769 908 1803 adulteriis

173 1823 343 1863 cepisset.
409 1826 536 1866 Itaque
569 1827 738 1859 Heinsius
776 1834 797 1858 e
830 1825 907 1858 Pal.

173 1878 222 1920 2.,
245 1879 401 1921 Εηιιιο.,
432 1881 532 1913 Leid.
566 1884 604 1913 et
625 1883 677 1913 111
699 1882 781 1914 aliis
803 1883 909 1914 recte

175 1933 272 1966 dedit
295 1934 429 1977 lentus,
453 1938 549 1976 quod
571 1931 789 1970 vocabulum
809 1939 908 1970 Naso

173 1989 212 2022 in
244 1989 304 2032 iis,
336 1991 394 2031 qui
417 1992 512 2025 tardi
540 1994 587 2025 ad
613 1992 784 2024 affectum
806 1995 908 2035 sunt,

173 2054 247 2078 non
282 2046 396 2078 facile
424 2049 619 2080 moventur
647 2051 711 2081 aut
740 2050 786 2080 ad
816 2049 909 2081 iram

174 2101 387 2145 incitantur,
410 2093 629 2144 frequentat.
674 2105 756 2138 vid.
772 2107 846 2138 not.
861 2107 908 2138 ad

175 2158 262 2190 Her.
285 2158 370 2200 XV,
401 2157 476 2190 169.
510 2161 548 2190 et
570 2159 726 2200 interpp.
749 2162 795 2192 ad
819 2162 907 2194 Hor.

173 2214 291 2255 Epist.
315 2215 364 2256 11,
377 2213 414 2256 1,
431 2213 506 2245 178.
553 2214 684 2248 Cicero
701 2213 909 2255 patientem

175 2272 213 2302 et
237 2270 378 2303 lentum
402 2269 589 2312 coniungit
612 2271 657 2303 de
681 2271 782 2304 Orat.
807 2272 852 2304 11.
876 2280 908 2304 c.

175 2326 229 2358 75.

180 2423 183 2425 .
218 2390 432 2446 Adulteria.
486 2393 541 2425 De
574 2392 699 2425 metris
718 2392 790 2425 vid.
816 2395 847 2435 1,
871 2394 907 2434 3,

175 2448 207 2480 6.
253 2449 348 2481 Busl.
381 2447 506 2488 turpi-s
537 2449 656 2481 adult.
688 2466 728 2471 —
762 2450 807 2482 V.
831 2449 908 2482 516.

176 2503 282 2535 narb.
307 2505 345 2536 et
366 2503 446 2535 Rel.
470 2512 493 2536 a
517 2503 548 2536 1.
571 2513 615 2537 m.
639 2502 804 2536 materia
814 2511 909 2535 mea.

219 2580 295 2613 517.
329 2582 409 2613 Sua
429 2581 593 2623 pulpita.
638 2582 730 2622 Sua,
758 2581 795 2613 in
818 2587 909 2622 quae

175 2636 412 2670 inducuntur:
436 2646 518 2670 nam
542 2638 719 2679 pulpitum
746 2638 826 2669 erat
849 2637 911 2668 lo-

177 2700 240 2723 cus
264 2692 301 2724 in
324 2695 520 2733 proscenio
544 2695 670 2734 paullo
695 2693 851 2735 editior,
875 2692 912 2724 in

176 2755 248 2787 quo
272 2749 422 2782 stabant
444 2749 638 2782 histriones
653 2749 820 2790 agentes,
844 2755 912 2778 un-

178 2805 223 2835 de
247 2813 316 2844 pro
341 2804 420 2845 ipsa
443 2813 558 2837 scena
581 2807 618 2837 et
642 2805 798 2837 theatro.
830 2803 912 2837 vid.

175 2858 321 2892 Vitruv.
346 2860 392 2894 V.
418 2869 449 2894 c.
475 2862 506 2894 6.
529 2856 612 2902 ibiq.
636 2860 789 2902 interpp.

1571 688 1738 764 '520'

1020 853 1096 888 518.
1120 853 1296 896 Quodque
1313 851 1413 887 licet.
1460 852 1711 896 Quodque'zi-

977 907 1037 941 bet
1050 909 1177 942 melius
1200 909 1304 942 codd.
1317 909 1390 941 alii.
1433 907 1540 942 DAN.
1559 910 1709 943 Hiems.

974 963 1196 997 Libetrecte
1208 964 1383 997 nonnulli.
1416 963 1565 997 Hums.
1601 967 1710 999 Auct-

975 1021 1022 1052 ad
1055 1021 1213 1052 Herenn.
1247 1022 1310 1054 IV.
1345 1029 1376 1053 c.
1411 1021 1466 1053 25.
1496 1029 1585 1053 nam
1615 1029 1712 1063 quae

975 1074 1127 1118 reliqua
1157 1084 1243 1118 spes
1271 1074 1464 1108 ubertatis
1483 1076 1630 1116 manet,
1665 1075 1712 1118 si,

973 1131 1052 1164 illis
1076 1132 1174 1173 quod
1197 1129 1299 1172 libet,
1314 1129 1414 1162 licet.
1446 1130 1585 1163 ΒσιιΜ.
1631 1133 1708 1164 Mi-

974 1187 1009 1219 hi
1042 1187 1188 1229 integra
1217 1187 1362 1219 videtur
1389 1188 1497 1219 vetus
1528 1189 1566 1220 et
1597 1188 1710 1229 longe

973 1242 1211 1284 plurimorum
1232 1242 1319 1275 libb.
1333 1242 1518 1282 scriptura
1539 1240 1637 1274 licet.
1644 1242 1712 1283 „et

974 1306 1025 1330 an
1049 1297 1150 1340 quod
1170 1296 1293 1330 mimis
1315 1296 1448 1338 licet,
1482 1296 1525 1330 id
1545 1297 1625 1330 illis
1649 1297 1710 1330 li-

931 1373 935 1378 »
974 1349 1081 1386 cess’e
1103 1362 1217 1386 scena
1239 1353 1293 1391 (id
1316 1352 1447 1393 ipsum,
1471 1354 1566 1394 quod
1586 1362 1706 1395 agun-

974 1412 1034 1442 tur
1057 1409 1093 1441 in
1115 1411 1258 1452 scena,)
1282 1405 1443 1441 dedit?“
1471 1405 1565 1449 Quid
1587 1410 1708 1441 autem

973 1466 1114 1498 licitum
1131 1466 1206 1497 illis
1229 1465 1292 1507 sit,
1315 1463 1528 1505 praecessit.
1542 1479 1585 1485 -—
1602 1460 1713 1494 Ia'bet

974 1521 1120 1562 Dresd.,
1132 1521 1238 1553 Goth.
1242 1541 1256 1562 ,
1268 1521 1378 1561 Mon,
1390 1518 1551 1560 Pirckh„
1560 1520 1712 1562 Bersm.,

975 1579 1026 1610 lx
1050 1577 1112 1609 alii
1134 1577 1271 1618 Heius„
1304 1577 1409 1608 Bern.
1432 1575 1470 1606 et
1494 1574 1549 1605 ed.
1573 1575 1711 1607 Bonon.

973 1649 1019 1657 ·—
1040 1633 1117 1665 Pal.
1141 1633 1173 1667 2.
1196 1631 1305 1667 liber.
1349 1629 1495 1664 Pirokh.
1518 1637 1665 1662 munuc.

1019 1697 1095 1730 519.
1130 1696 1292 1739 Populo,
1315 1697 1361 1728 ad
1372 1695 1711 1734 oblectandumpo-

974 1754 1114 1795 pulum,
1138 1755 1177 1787 ut
1198 1753 1246 1786 sit
1269 1753 1423 1785 dativus.
1468 1749 1619 1790 Populo
1641 1756 1709 1780 re·-

976 1808 1096 1841 ct‘tata
1117 1808 1215 1840 Busl.
1260 1810 1356 1842 Mor.
1378 1814 1448 1849 pro
1475 1815 1517 1839 ν.
1531 1813 1606 1838 sor.
1615 1802 1729 1845 'voe'-v

976 1865 1084 1897 mata
1103 1871 1262 1906 semper.
1284 1863 1423 1895 Βσιιιιι.
1445 1899 1449 1905 ,
1467 1860 1635 1893 saltata.
1669 1860 1711 1891 In

975 1920 1127 1954 theatris
1162 1927 1236 1952 non
1278 1919 1397 1952 solum
1430 1917 1533 1949 totae
1563 1914 1713 1948 fabulae

976 1976 1196 2016 edebantur3
1231 1975 1297 2007 sed
1322 1973 1431 2006 etiam
1453 1972 1529 2004 alia
1551 1971 1713 2004 carmina

976 2033 1040 2064 aut
1070 2031 1267 2064 carminum
1304 2030 1430 2070 partes
1473 2035 1553 2059 cum
1585 2026 1712 2059 salta-

976 2086 1078 2119 tione
1109 2087 1142 2118 h.
1174 2094 1206 2118 e.
1238 2093 1318 2117 cum
1339 2082 1501 2124 gestibus
1530 2076 1713 2124 manuum,

976 2141 1190 2183 oculorum,
1222 2139 1335 2173 totius
1368 2138 1520 2179 denique
1543 2137 1714 2178 corporis

976 2197 1209 2229 canebantur.
1256 2194 1511 2228 Macrob.sat.
1535 2195 1581 2225 Π.
1604 2201 1637 2226 c.
1659 2193 1713 2236 7.,

975 2251 1124 2286 Lucian.
1149 2251 1192 2283 de
1216 2251 1346 2283 Saltat.
1377 2258 1408 2282 c.
1439 2251 1494 2282 30.
1528 2250 1583 2282 63.
1606 2249 1644 2281 et
1665 2255 1712 2280 a-

975 2307 1034 2340 liis
1056 2307 1166 2349 locis,
1188 2306 1352 2339 Diomed.
1375 2307 1437 2338 111.
1460 2315 1496 2347 p.
1519 2305 1595 2338 489.
1628 2303 1713 2337 Vid.

975 2363 1168 2396 Dissertat.
1194 2361 1234 2402 C.
1258 2362 1285 2393 1.
1310 2360 1487 2401 Grysaris
1512 2361 1556 2391 de
1573 2360 1711 2391 Panto-

976 2418 1090 2450 mimis
1119 2418 1368 2450 Romanorum
1395 2416 1435 2448 in
1462 2417 1592 2448 Museo
1625 2414 1712 2447 Phi-

975 2475 1041 2507 lol.
1055 2473 1234 2506 Bonnensi
1257 2481 1290 2505 a.
1304 2472 1401 2505 1833.
1447 2471 1551 2505 conf.
1578 2471 1638 2504 Tr.
1659 2470 1713 2512 V,

977 2529 1014 2570 7,
1037 2524 1091 2561 25.
1136 2530 1256 2569 Saepe
1266 2535 1360 2560 vero
1385 2526 1493 2558 etiam
1514 2526 1593 2558 sine
1615 2525 1713 2558 omni

976 2590 1071 2614 voce
1095 2584 1132 2615 et
1155 2585 1264 2615 cantu
1287 2581 1503 2623 edebantur,
1529 2579 1619 2613 solis
1642 2587 1711 2622 ge-

977 2638 1103 2670 stibus.
1167 2638 1222 2670 De
1250 2639 1342 2671 Arte
1375 2639 1494 2670 autem
1527 2634 1714 2669 „amatoria

979 2695 1041 2725 aut
1073 2693 1173 2725 certe
1204 2693 1248 2725 de
1276 2691 1429 2733 siugulis
1458 2691 1560 2724 Artis
1590 2690 1709 2732 parti-

980 2749 1045 2780 bus
1068 2749 1159 2780 haec
1182 2748 1419 2789 intelligenda
1440 2754 1538 2788 esse,
1560 2754 1633 2778 non
1652 2748 1711 2779 est

980 2803 1075 2843 quod
1096 2802 1287 2844 probetur,
1309 2803 1398 2835 licet
1414 2801 1479 2834 alii
1503 2801 1714 2833 dubitarint.
1772 2809 1774 2811 '
1840 2787 1846 2831 ῗ

980 2859 1065 2899 Ipsa
1098 2858 1206 2891 docet
1236 2857 1339 2892 huius
1372 2856 1447 2891 loci
1477 2856 1592 2891 ratio:
1630 2864 1712 2893 nam
