1846 3146
215 225 325 258 xxx
503 264 507 267 ,
774 209 1194 262 PRAEFATIO.

211 337 294 380 aut
340 345 405 380 ex
439 331 546 397 ipso
582 330 787 384 Nasone
821 339 904 381 aut
936 333 1133 382 aliunde
1166 335 1331 400 petitis
1379 334 1727 396 confirmarem,

215 413 423 479 denique
470 420 694 462 auctores
739 421 789 463 et
830 421 1028 465 veteres
1073 422 1122 471 et
1165 419 1466 466 recentiores
1511 420 1724 479 citarem,

213 497 343 563 apud
385 513 505 562 quos
551 496 719 546 eadem
762 499 957 547 uberius
1000 505 1233 548 tractatae
1276 503 1631 566 reperirentur,
1677 508 1765 551 ut'

212 583 256 628 si
292 583 397 646 quis
432 583 781 629 accuratiorem
822 588 871 630 et
903 582 1171 648 pleniorem
1205 598 1367 632 earum
1400 586 1615 632 notitiam
1649 590 1733 633 aut

212 666 437 713 maiorem
472 663 615 712 fidem
654 671 924 728 quaereret,
960 665 1121 714 fontes
1152 668 1317 727 sciret,
1355 682 1477 732 quos
1510 666 1655 716 adire-
1682 673 1732 716 et

212 747 342 795 unde
375 747 604 795 uberiora
638 762 697 796 ac
731 748 986 797 subtiliora
1018 754 1242 815 repetere
1276 755 1457 816 posset.

311 829 420 879 Sed
464 836 604 879 erunt
636 832 872 891 fortasse,
919 834 999 896 qui
1045 847 1119 881 me
1165 834 1215 880 in
1261 833 1341 882 his
1381 836 1733 883 commentariis

211 929 541 979 nonnusquam
574 914 742 980 paullo
763 916 1084 980 copiosiorem
1101 916 1255 964 fuisse
1274 922 1324 965 et
1341 923 1603 966 annotasse
1637 932 1731 966 ex-

210 997 447 1056 istiment,
496 1011 618 1061 quae
667 998 915 1047 commode
970 1001 1240 1064 potuissent
1295 1001 1461 1048 omitti.
1546 999 1730 1049 Verum

211 1096 350 1144 quam
383 1078 588 1129 difficile
622 1083 699 1141 sit,
735 1084 785 1130 in
818 1082 914 1130 hoc
941 1097 1122 1145 genere
1147 1081 1337 1130 modum
1371 1084 1610 1142 invenire,
1647 1084 1729 1147 qui

210 1162 403 1227 quidem
436 1166 619 1228 pariter
663 1167 865 1212 omnium
900 1164 1083 1213 iudicio
1117 1165 1362 1231 probetur,
1400 1166 1603 1213 omnium
1635 1181 1730 1231 po·-

209 1245 401 1294 stulatis
453 1247 738 1307 satisfaciat,
783 1247 868 1296 vel
916 1263 981 1296 ex
1016 1262 1076 1295 eo
1113 1252 1327 1313 apparet,
1365 1246 1496 1311 quod
1531 1261 1620 1296 eos
1651 1250 1731 1313 ip-

209 1344 309 1390 sos,
346 1331 427 1395 qui
459 1329 578 1378 talia
610 1332 705 1396 ipsi
738 1331 980 1390 scribunt,
1019 1346 1216 1394 quorum
1248 1335 1406 1378 tamen
1441 1331 1732 1394 gravissima

208 1413 258 1460 in
292 1411 385 1461 hac
418 1428 473 1461 re
518 1412 665 1462 debet
708 1428 819 1463 esse
866 1415 1156 1473 auctoritas,
1201 1415 1367 1461 mirum
1406 1417 1631 1477 quantum
1666 1412 1732 1462 de

211 1510 272 1543 eo
309 1495 570 1544 dissentire
588 1495 825 1546 videmus.
895 1496 1057 1555 Quare
1075 1512 1170 1560 ego
1205 1495 1342 1545 illum
1369 1498 1502 1544 tenui
1519 1495 1728 1557 modum,

210 1580 291 1643 qui
340 1579 550 1628 consilio
600 1594 709 1627 meo
759 1579 1237 1628 accomodatissimus
1292 1593 1404 1627 esse
1454 1578 1731 1629 videbatur.

210 1659 429 1726 Cumque
469 1661 738 1728 pleniorem
783 1663 925 1710 etiam
971 1662 1035 1710 ad
1067 1663 1511 1728 interpretationem
1556 1668 1607 1710 et
1641 1678 1732 1711 co-

206 1746 313 1810 pias
349 1747 682 1809 grammatieas
715 1744 886 1794 horum
921 1746 1178 1793 carminum
1195 1744 1455 1794 editionem
1489 1746 1539 1792 in
1573 1747 1732 1793 animo

206 1827 458 1888 haberem,
494 1844 591 1876 non
625 1828 803 1892 ubique
835 1829 1067 1876 intentior
1100 1843 1216 1877 cura
1250 1827 1357 1886 fuit,
1393 1842 1457 1876 ne
1492 1827 1609 1892 quid
1642 1845 1732 1876 an-

159 1904 162 1906 *
208 1915 440 1970 notarem,
477 1909 608 1974 quod
642 1909 854 1959 fortasse
889 1927 919 1958 a
950 1912 1073 1959 viris
1105 1909 1354 1975 perdoctis
1390 1915 1439 1958 et
1471 1912 1518 1959 in
1546 1909 1631 1959 his
1664 1910 1731 1958 li-

208 1995 329 2041 teris
374 1991 631 2040 admodum
663 1994 876 2040 versatis
895 2008 1308 2057 supervacaneum
1342 1993 1511 2041 haberi
1543 1998 1731 2058 posset,

207 2091 379 2124 verum
412 2074 539 2123 illud
571 2076 734 2140 potius
753 2077 975 2140 spectavi
1010 2073 1168 2133 unice,
1204 2080 1255 2122 ut
1281 2076 1527 2123 annotatio
1546 2081 1730 2136 nostra,

208 2157 371 2223 quoad
404 2158 511 2206 fieri
543 2162 741 2224 posset,
791 2159 982 2206 omnino
1027 2159 1232 2206 omnium
1279 2157 1543 2218 lectorum,
1589 2160 1731 2206 etiam

208 2257 400 2301 eorum,
451 2242 531 2306 qui
582 2243 634 2288 in
675 2240 750 2289 his
797 2240 971 2289 studiis
1013 2239 1145 2288 haud
1189 2242 1255 2288 ita
1297 2239 1447 2305 longe
1479 2243 1733 2306 progressi
1800 2238 1803 2239 ⁷

209 2328 398 2382 essent,
447 2322 696 2372 desiderio
746 2328 796 2372 et
838 2325 947 2372 usui
990 2322 1335 2389 responderet,
1385 2338 1620 2389 opemque
1667 2323 1734 2372 ad>

206 2406 573 2474 percipiendum
607 2411 785 2472 poetae
819 2421 1013 2455 sensum
1048 2405 1342 2455 commodam
1383 2411 1465 2454 aut
1498 2421 1733 2457 necessa-

207 2493 325 2538 riam
371 2490 535 2539 ubivis
582 2488 931 2556 suppeditaret.
1009 2487 1288 2552 Quanquam
1332 2476 1566 2537 nonnulla
1613 2475 1732 2537 satis

208 2572 440 2639 expedita
483 2575 768 2636 minimeque
813 2572 1019 2622 obscura
1068 2589 1098 2620 a
1139 2586 1214 2620 me
1262 2570 1544 2635 diligentius
1585 2572 1730 2635 atque

207 2653 468 2722 impensius
491 2660 698 2705 tractata
715 2660 839 2715 sunt,
877 2671 1014 2718 quam
1049 2670 1170 2720 opus
1206 2669 1317 2702 esse
1351 2653 1590 2703 videatur.
1660 2653 1732 2701 At

205 2738 255 2787 hi
290 2738 397 2787 fere
431 2743 544 2787 sunt
575 2737 690 2798 loci,
726 2739 776 2784 in
812 2738 982 2802 quibus
1014 2736 1351 2802 explanandis,
1376 2738 1605 2801 'quamvis
1639 2753 1731 2802 pa·
1768 2758 1795 2777 -·

207 2839 310 2870 rum
346 2820 650 2870 difficultatis
684 2820 933 2879 haberent,
969 2821 1246 2885 superiores
1278 2818 1495 2868 editores
1513 2821 1733 2883 graviter

209 2905 377 2973 lapsos
405 2918 517 2954 esse
534 2919 822 2971 repereram.
891 2904 1061 2967 Igitur,
1097 2917 1159 2951 ne
1176 2900 1449 2950 huiusmodi
1483 2901 1731 2969 erroribus
