1846 3146
186 182 285 233 180

426 182 483 232 Ρ.
520 181 742 232 0V1D11
777 181 1094 256 NASONIS
1129 181 1471 235 TRISTIUM

187 303 359 354 Omnia
391 319 658 371 perversas
691 309 898 371 possunt
929 280 1240 373 corrumpere
1273 310 1483 372 mentes3

251 386 398 437 Stant
431 392 591 438 tamen
625 388 718 438 illa
751 389 855 436 suis
890 391 1049 438 omnia
1081 394 1186 438 tuta
1217 389 1370 438 locis:

182 469 250 519 Et
281 470 458 536 procul
490 487 520 520 a
554 473 738 537 scripta
770 470 895 520 solis
928 471 1263 522 meretricibus
1298 471 1427 522 Arte
1494 499 1502 503 -

248 551 523 602 Submovet
557 555 796 618 ingenuas
828 556 1009 622 pagina
1041 557 1196 622 prima
1228 571 1410 604 manus.

181 634 525 701 Quaecumque
559 639 794 704 irrumpit,
831 653 926 703 quo
961 654 1059 687 non
1092 640 1207 688 sinit
1234 640 1308 688 ire
1326 631 1579 699 sacerd08‚
1613 636 1713 688 305

246 719 480 769 Protinus
512 719 638 770 haec
671 722 817 771 vetiti
850 722 1065 771 criminis
1099 723 1208 789 ipsa
1241 736 1327 770 rea
1355 725 1445 771 est.

245 850 372 880 Viderat
388 849 500 879 Iasium
519 850 647 880 Cretaea
665 851 736 880 diva
753 852 808 881 sub
826 851 882 880 Ida

293 895 453 931 Figentem
471 899 555 924 certa
573 899 660 932 terga
680 896 779 925 ferina
796 903 896 925 manu.

178 952 253 985 Sed
275 953 500 994 probabilius
524 958 603 999 est,
633 957 787 989 formam
809 955 913 990 Lati-

178 1013 276 1049 nam,
306 1015 411 1048 quam
441 1010 619 1044 Graecam
652 1011 815 1044 librariis
846 1012 912 1043 de-

176 1062 265 1095 beri.
311 1063 388 1096 Pal.
413 1064 444 1098 1.
468 1067 568 1098 erat.
598 1083 643 1089 -
673 1067 728 1099 De
750 1065 912 1099 Anchise

175 1118 247 1151 vid.
281 1120 329 1151 ad
357 1129 393 1152 v.
423 1120 501 1153 261.
567 1120 743 1153 Latmius
785 1121 910 1162 heros,

175 1175 399 1218 Endymion,
422 1177 482 1217 qui
504 1179 643 1209 amatus
661 1178 798 1209 aLuna
809 1177 908 1215 (Vid.

173 1231 220 1262 ad
232 1232 264 1272 Ι,
279 1232 315 1273 3,
326 1231 399 1268 28.)
412 1231 449 1263 in
460 1232 606 1274 Latmo,
623 1232 755 1265 cariae
771 1235 909 1276 monte,

173 1286 292 1324 [Mela
313 1288 342 1318 1.
366 1294 397 1318 c.
422 1285 495 1323 17.)
519 1286 736 1329 consopitus
763 1288 835 1330 est,
865 1288 910 1321 ut

173 1348 258 1372 eum
283 1339 529 1373 dormientem
555 1343 808 1374 oscularetur.
832 1342 907 1377 Cic.

171 1396 277 1428 truse.
302 1398 330 1428 Ι.
354 1404 385 1428 c.
409 1397 462 1429 38.
503 1399 599 1440 Hyg.
630 1399 671 1431 F.
702 1397 793 1440 271„
816 1398 907 1430 Plin.

171 1450 215 1482 Η.
238 1451 282 1483 N.
306 1452 351 1482 Π.
376 1459 408 1484 c.
434 1454 466 1485 9.
487 1469 533 1477 ·-
556 1453 703 1496 Iasion,
737 1453 834 1487 Iovis
861 1461 909 1486 ex

171 1505 324 1538 Electra
346 1507 457 1549 filius,
480 1516 504 1540 a
527 1508 666 1543 Cerere
683 1511 839 1552 amatus,
862 1517 909 1541 ex

170 1568 242 1602 qua
263 1561 407 1595 Plutum
429 1571 648 1604 procreasse
660 1567 821 1606 putatur.
854 1565 908 1598 A-

170 1624 260 1649 mor.
283 1617 307 1649 l.
329 1617 372 1660 1.,
405 1620 494 1651 Met.
517 1620 582 1661 lx,
614 1620 708 1664 422„
739 1622 836 1663 Hyg.
867 1619 907 1653 F.

170 1672 247 1705 270.
257 1694 272 1715 ,
295 1674 380 1706 Hes.
402 1674 538 1716 Theog.
560 1684 597 1707 v.
620 1676 697 1710 969.

214 1739 291 1772 301.
325 1741 431 1772 Bern.
452 1740 648 1782 poterunt.

213 1806 289 1838 302.
324 1806 442 1840 Stant
464 1808 599 1840 tamen.
645 1809 769 1851 Bern.,
793 1808 905 1850 Gall„

168 1861 263 1892 Mor.
270 1882 285 1901 ,
316 1861 440 1903 Leid.,
470 1863 506 1896 V
534 1863 598 1895 alii
627 1864 766 1906 Heius,
796 1864 903 1896 Goth.

167 1916 257 1948 sunt
288 1916 426 1949 tamea.
505 1918 622 1949 Stant
654 1919 747 1950 bene
780 1919 903 1964 habet,

166 1970 250 2011 quia
273 1973 390 2005 adhuc
413 1973 458 2005 de
480 1972 611 2006 statuis
635 1975 672 2005 et
691 1973 903 2015 imaginibus

166 2034 290 2059 sermo
315 2030 381 2061 est.
426 2028 511 2062 Vid.
535 2037 570 2060 v.
593 2027 671 2060 296.

211 2092 289 2125 303.
322 2093 376 2126 Et
402 2095 544 2136 procul
572 2103 608 2126 a.
657 2094 770 2135 Busl.,
801 2092 902 2126 Leid.

166 2151 205 2181 et
227 2149 321 2182 alius
343 2150 481 2184 Heinsii
503 2151 565 2191 at,
596 2151 691 2192 quod
713 2157 809 2181 nunc
832 2158 901 2191 pro

165 2205 318 2246 vulgata
340 2207 407 2238 est.
453 2206 563 2240 Male.
610 2206 763 2237 Praeter
787 2213 901 2246 argu-

163 2262 321 2292 mentum
350 2260 456 2304 illud,
491 2269 515 2294 a
550 2261 657 2294 simili
691 2261 900 2303 repetitum,

165 2323 235 2355 quo
260 2317 387 2348 Artem
416 2325 491 2350 non
515 2318 750 2350 damnandam
773 2318 900 2349 osten-

165 2371 238 2412 dit,
284 2379 419 2405 novam
459 2371 584 2404 adiicit
628 2372 900 2406 excusationem

164 2426 296 2467 culpae
318 2435 408 2459 suae
430 2427 510 2460 sive
528 2435 642 2469 supra.
661 2428 812 2461 allatam
835 2437 900 2461 re-

161 2480 254 2521 petit
299 2483 336 2514 et
385 2484 513 2524 urget,
559 2483 629 2514 hoc
672 2490 802 2525 sensu:
855 2485 902 2516 et

162 2537 394 2576 (praeterea)
421 2536 553 2577 prima
596 2537 753 2570 nostrae
791 2538 900 2571 Artis

159 2590 304 2632 payina
332 2591 513 2634 inqenuas
543 2593 793 2631 (honestarum
817 2603 897 2627 ma-

162 2647 368 2684 tronarum)
413 2656 548 2680 manus
592 2648 639 2681 ab
670 2656 716 2680 ea
744 2648 897 2681 submo-

159 2702 225 2734 vet
267 2702 328 2734 vel
371 2703 491 2743 arcet,
539 2711 634 2745 quae
674 2701 766 2734 solis
795 2702 896 2735 scri-

160 2758 232 2797 pta
257 2757 312 2789 est
333 2757 606 2790 meretricibus.
653 2759 757 2793 conf.
773 2768 808 2791 v.
821 2760 896 2792 322.

159 2814 244 2845 vat.
276 2813 329 2856 1.,
363 2814 505 2856 Guelf.,
534 2814 630 2846 Busl.
667 2815 704 2846 et
731 2814 812 2846 Bel.
849 2813 896 2847 ab

160 2867 321 2911 scripta.
367 2868 466 2902 Vett.
489 2869 569 2902 edd.
593 2868 659 2903 sed
680 2869 832 2910 procul.

1026 858 1103 892 304.
1135 855 1288 888 Manus.
1369 854 1447 888 Pal.
1486 854 1517 888 1.
1528 877 1544 898 ‚
1597 857 1711 899 Mor„

980 914 1034 945 111
1055 912 1118 945 alii
1141 912 1278 945 Heinsii
1307 913 1344 945 et
1372 910 1530 944 eiusdem
1560 912 1615 944 ed.
1638 910 1711 954 pr„

979 969 1102 1010 Bern.,
1124 969 1246 1001 Berol.
1277 969 1315 1000 et
1341 967 1422 1000 Bel.
1450 974 1591 1008 παντως
1616 968 1712 1008 quod

978 1024 1058 1056 sine
1086 1023 1219 1055 idonea
1252 1030 1383 1055 caussa
1425 1021 1567 1063 recepit
1595 1022 1710 1055 Reiu-

977 1080 1068 1122 sius,
1092 1082 1128 1112 et
1149 1078 1252 1111 fluxit
1281 1085 1302 1110 e
1323 1087 1359 1110 v.
1383 1077 1459 1112 244.
1477 1099 1480 1101 -
1503 1078 1621 1110 Recte
1642 1078 1711 1110 ha-

977 1137 1039 1169 bet
1072 1135 1257 1176 scriptura
1286 1133 1509 1175 reliquorum
1544 1132 1711 1165 codicum

977 1191 1132 1224 omnium
1154 1192 1192 1223 et
1222 1191 1313 1223 vett.
1335 1190 1416 1221 edd.
1436 1195 1592 1221 manus:
1626 1195 1710 1220 nam

976 1249 1022 1280 de
1044 1245 1218 1280 matronis
1247 1246 1281 1278 h.
1303 1245 1330 1278 1.
1353 1244 1423 1278 dici
1457 1237 1559 1286 patet
1589 1251 1611 1276 e
1639 1251 1709 1277 na-

975 1304 1060 1335 tura
1081 1310 1127 1335 ac
1148 1301 1293 1334 ratione
1314 1301 1418 1334 huius
1441 1299 1595 1333 distichi.

1019 1392 1095 1423 305.
1129 1388 1335 1431 Irrumpt't.
1381 1389 1445 1423 Sic
1466 1387 1562 1424 Gall.
1584 1388 1708 1431 etlvll

974 1447 1038 1479 alii
1059 1446 1203 1488 Heius„
1225 1447 1333 1488 Seg.,
1361 1446 1442 1478 Bel.
1475 1448 1514 1479 et
1533 1447 1640 1478 Ber-n.
1663 1460 1708 1478 -.·
1747 1472 1751 1475 .

975 1503 1119 1545 ouen„
1148 1505 1244 1536 Mor.
1252 1523 1267 1544 ,
1298 1501 1375 1534 Pal.
1405 1502 1452 1544 2.,
1481 1502 1576 1544 Puta,
1599 1501 1711 1534 serm*

975 1558 1111 1606 ‘³⁶.V11
1137 1557 1201 1589 alii
1234 1556 1356 1590 Heius.
1387 1554 1526 1597 erupit.
1593 1555 1708 1598 Busl.,

974 1613 1118 1654 Dresd.,
1142 1613 1249 1646 Goth.
1273 1614 1311 1645 et
1333 1611 1464 1652 reliqui
1481 1619 1605 1645 omnes
1626 1620 1707 1644 cum

974 1670 1065 1701 vett.
1087 1670 1166 1701 edd.
1190 1666 1365 1710 erumpit.
1408 1668 1547 1701 verum
1566 1668 1623 1699 est
1643 1665 1706 1698 ir-

972 1722 1138 1767 rumpit,
1173 1725 1268 1766 quod
1300 1724 1451 1767 proprie
1495 1722 1627 1755 dicitur
1659 1723 1706 1754 de

971 1779 1031 1822 iis,
1054 1779 1113 1820 qui
1133 1780 1248 1821 adyta
1268 1788 1343 1813 non
1370 1778 1503 1811 initiati
1532 1780 1598 1811 aut
1617 1786 1706 1811 sce-

972 1836 1067 1867 lesto
1091 1835 1244 1868 consilio
1265 1835 1432 1868 subeunt.
1477 1834 1636 1868 Brisson.
1659 1835 1706 1866 de

972 1892 1094 1924 Form.
1117 1892 1161 1924 B.
1185 1891 1289 1923 Pont.
1311 1891 1343 1932 1,
1366 1890 1402 1932 ¹7,
1425 1891 1480 1926 23.

1035 1977 1099 2006 Nec
1118 1980 1217 2006 tamen
1235 1977 1380 2013 irrumpo,
1399 1985 1458 2013 quo
1478 1985 1538 2006 non
1555 1978 1630 2007 lieet
1645 1977 1701 2012 ire.

1366 2021 1502 2058 satisque
1520 2025 1578 2058 est,
1618 2021 1621 2023 ’

1083 2066 1170 2096 Atria
1187 2067 1214 2096 si
1231 2067 1319 2095 nobis
1336 2074 1396 2095 non
1411 2067 1547 2102 patuisse
1564 2075 1669 2104 negas.

969 2147 1051 2181 Vid.
1085 2149 1185 2181 Fast.
1207 2148 1283 2190 VI,
1316 2148 1393 2181 454.
1427 2148 1546 2189 ibique
1580 2150 1700 2182 Burm.

968 2204 1066 2243 Apta
1106 2206 1227 2235 autem
1261 2211 1306 2235 ea
1338 2204 1575 2247 metaphora,
1617 2204 1702 2246 quia

967 2258 1101 2299 poetae
1123 2267 1180 2300 se,
1203 2260 1243 2290 ut
1265 2259 1298 2291 h.
1321 2259 1346 2291 1.
1369 2261 1486 2302 Naso,
1513 2261 1700 2291 Musarum

966 2314 1202 2356 sacerdotes,
1243 2324 1395 2356 quarum
1423 2322 1533 2357 sacra
1561 2323 1700 2357 procu-

966 2373 1064 2412 rent,
1095 2370 1286 2411 appellare
1317 2371 1451 2404 solent.
1505 2371 1699 2412 Scriptura

967 2431 1040 2465 quo
1063 2425 1101 2456 et
1121 2433 1232 2457 sensu
1263 2427 1301 2458 et
1329 2426 1416 2459 loco
1445 2426 1510 2458 illo
1534 2427 1638 2458 Pont.
1661 2425 1698 2468 1,

967 2479 1002 2519 7,
1025 2478 1080 2510 23.
1102 2479 1191 2511 satis
1213 2480 1393 2523 firmatur,
1405 2482 1568 2522 quamvis
1589 2479 1697 2522 pauci

966 2534 1067 2567 illam
1100 2535 1246 2567 codices
1292 2537 1484 2579 tueantur,
1527 2537 1603 2569 Pal.
1633 2535 1696 2579 -1.,

967 2590 1063 2623 Gall.
1073 2612 1088 2633 ,
1122 2592 1175 2623 111
1205 2590 1269 2623 alii
1297 2590 1434 2623 Heinsii
1464 2593 1502 2624 et
1536 2591 1695 2624 eiusdem

964 2647 1019 2677 ed.
1043 2654 1097 2686 pr.
1107 2667 1121 2687 ,
1156 2646 1311 2688 Dresd.,
1353 2646 1459 2679 Goth.
1467 2668 1482 2688 ,
1513 2646 1619 2680 Grev.
1657 2648 1696 2679 et

962 2701 1062 2743 Rel.;
1086 2709 1168 2733 nam
1191 2701 1322 2742 reliqui
1343 2701 1428 2734 libri
1450 2702 1539 2733 vett.
1562 2703 1694 2742 (prae-

963 2759 1020 2790 ter
1053 2757 1199 2800 BeroL,
1232 2757 1291 2800 qui
1321 2757 1430 2789 habet
1450 2757 1583 2797 quaest
1606 2764 1693 2798 qua,

961 2819 1054 2853 quae
1076 2811 1261 2852 scriptura
1283 2814 1370 2845 nata
1389 2810 1535 2844 videtur
1557 2818 1603 2843 ex
1625 2811 1692 2844 illo

962 2866 1138 2910 erumpit,
1153 2875 1199 2902 ex
1212 2874 1285 2901 una
1306 2866 1544 2910 corruptione
1555 2866 1692 2909 altera,
