1846 3146
206 215 320 247 xxn
608 275 612 280 K
767 199 1186 250 PRAEFATIO.

207 336 323 381 sem,
356 317 650 370 Crevennae
669 326 719 369 et
748 321 1073 371 Relandinum
1091 322 1309 371 contulit.
1383 319 1565 372 Verum
1597 331 1738 390 quum

208 419 304 468 ego
340 405 432 452 iam
467 402 551 451 diu
592 408 704 453 ante
739 403 861 453 duas
908 405 1022 453 illas
1067 405 1359 454 collationes
1403 410 1735 473 excerpissem

210 492 393 536 et=tres
426 487 544 535 illos
582 487 783 536 codices
817 490 924 553 ipse
955 488 1284 548 contulissem,
1320 488 1472 537 allata
1500 490 1738 539 Merkelii

210 570 426 619 editione
461 572 510 618 in
547 573 899 620 commentariis
935 572 1054 619 meis
1086 571 1206 619 nihil
1241 571 1514 620 mutandum
1548 575 1735 638 putavi,

211 653 420 717 mihique
462 652 578 701 illos
627 653 827 703 codices
869 669 974 702 meo
1023 657 1126 702 iure
1169 656 1372 715 asserui,
1416 670 1575 720 neque
1619 653 1735 705 hiric

212 735 326 784 inde
358 752 491 784 meos
524 736 776 802 appellare
812 735 1012 786 codices
1049 736 1294 798 dubitavi3
1331 752 1488 802 neque
1513 753 1641 786 nunc
1664 753 1740 786 me

211 821 430 885 poenitet
461 833 566 866 mea
599 834 674 867 me
707 822 870 884 potius
904 819 1100 868 illorum
1130 819 1354 869 codicum
1384 826 1620 887 excerpta
1647 821 1738 870 de·-

214 901 475 970 scribenda
502 916 715 962 curasse,
739 919 880 967 quum
898 903 1193 951 Merkelium
1230 904 1397 968 copias
1432 918 1611 964 eorum,
1649 906 1738 952 im-

213 987 379 1050 primis
409 985 748 1053 Berolinensis
779 990 828 1033 et
857 983 1167 1045 Crevennae,
1202 1001 1298 1035 non
1332 987 1451 1034 satis
1473 979 1743 1051 ¹diligenter

215 1073 475 1116 annotasse
511 1070 840 1132 cognoverim.
1309 1053 1316 1059 ⁵

314 1150 392 1199 De
410 1151 626 1199 bonitate
646 1135 812 1199 horum
840 1155 912 1199 tot
941 1150 1162 1199 codicum
1190 1149 1396 1199 difficile
1415 1157 1491 1200 est
1507 1150 1742 1212 iudicare,

218 1239 510 1298 certumque,
547 1249 640 1298 qua
659 1235 860 1298 quisque
878 1233 1130 1283 habendus
1161 1236 1226 1282 sit
1258 1234 1356 1282 fide
1390 1239 1534 1299 atque
1569 1239 1741 1284 aucto-

217 1318 376 1376 ritate,
414 1316 631 1365 ordinem
666 1322 896 1376 statuere,
934 1333 1074 1381 quum
1108 1317 1193 1364 alii
1227 1318 1276 1364 in
1310 1317 1386 1366 his
1417 1333 1566 1383 saepe
1599 1317 1744 1378 locis,

218 1399 304 1447 alii
349 1401 400 1447 in
444 1399 546 1447 illis
586 1404 840 1465 praestare
887 1398 1150 1463 Ovidiique
1195 1416 1381 1448 manum
1407 1401 1616 1473 [referre
1663 1402 1744 1450 vi-

218 1482 451 1543 deantur3
502 1499 767 1547 quanquam
811 1485 1048 1548 pessimos
1098 1482 1159 1530 ab
1203 1481 1612 1532 emendatioribus
1669 1481 1747 1531 di-

219 1567 470 1629 stinguere
505 1564 635 1613 haud
671 1565 888 1614 difficilis
925 1580 1075 1631 opera
1109 1569 1197 1613 est.
1277 1564 1553 1614 Merkelius
1597 1580 1752 1631 nuper

222 1648 369 1696 multa
404 1647 467 1696 de
501 1648 686 1696 familia
720 1648 924 1712 quadam
948 1647 1181 1696 disseruit
1201 1647 1590 1712 singularemque
1611 1647 1744 1696 clas-

223 1746 324 1779 sem
356 1733 521 1796 posuit
555 1733 986 1795 interpolatorum.
1063 1729 1247 1778 Verum
1291 1747 1429 1795 quam
1474 1729 1627 1778 ardua
1667 1744 1750 1778 res

224 1816 303 1872 sit,
340 1815 421 1877 qui
458 1813 674 1874 codices,
711 1814 830 1862 licet
855 1816 904 1862 in
927 1808 1089 1861 multis
1111 1813 1258 1862 rebus
1288 1829 1318 1860 a
1338 1812 1540 1877 reliquis
1560 1811 1750 1861 discre-

226 1901 357 1962 pent,
396 1910 460 1943 ex
494 1911 591 1944 uno
627 1895 895 1960 eodemque
930 1895 1156 1962 exemplo
1190 1897 1450 1955 manarint,
1488 1899 1539 1951 et
1570 1897 1621 1944 in
1655 1910 1751 1960 quo

226 1979 316 2026 illa
349 1993 516 2026 eorum
551 1980 780 2041 cognatio
828 1980 990 2043 posita
1033 1980 1120 2038 sit,
1171 1977 1472 2044 disceptare,
1521 1964 1753 2042 quamque

228 2061 390 2110 facilis
425 2063 475 2108 in
509 2064 643 2108 tanta
678 2061 973 2110 obscuritate
1008 2075 1145 2108 error
1178 2063 1257 2120 sit,
1291 2076 1431 2109 nemo
1466 2063 1514 2109 in
1541 2059 1616 2108 his
1647 2065 1751 2109 stu-

147 2147 158 2155 ’
231 2144 326 2192 diis
355 2147 583 2192 versatus
617 2144 825 2205 ignorat,
863 2148 913 2191 et
946 2158 1052 2191 cum
1086 2142 1172 2190 alii
1206 2146 1303 2191 tum
1335 2144 1442 2208 ipse
1476 2142 1753 2191 Merkelius

230 2227 411 2275 illustri
455 2224 711 2274 admodum
756 2230 806 2272 et
852 2225 983 2289 quod
1024 2226 1200 2274 futuris
1252 2224 1521 2274 editoribus
1563 2227 1612 2273 in
1658 2225 1752 2274 hac

232 2325 286 2358 re
322 2311 593 2359 cautionem
627 2295 854 2368 suadeat,
891 2308 1117 2374 exemplo
1150 2308 1393 2375 probavit.
1463 2309 1685 2373 Namque
1711 2311 1754 2357 is

233 2395 506 2443 Palatinum
539 2393 606 2452 I.,v
628 2392 802 2440 bonum
844 2391 1036 2455 quidem
1071 2391 1314 2453 codicem,
1349 2407 1446 2440 non
1481 2392 1765 2460 interpola-K

234 2484 331 2527 tum
350 2491 461 2524 esse
493 2477 696 2534 censuit,
733 2480 902 2523 contra
935 2475 1111 2523 multos
1151 2474 1302 2534 alios,
1348 2476 1411 2522 in'
1443 2474 1518 2522 his
1558 2477 1752 2541 praeci—

235 2576 330 2627 pue
364 2559 652 2607 Vaticanum
698 2558 763 2616 l.‚
804 2557 1082 2607 Mediceum
1116 2558 1178 2616 I.,
1223 2558 1472 2621 utrumque
1506 2557 1753 2617 Politiani,

238 2643 508 2692 Palatinum
541 2641 604 2688 ΙΙ.
640 2646 690 2688 et
726 2639 1038 2690 Combianum
1078 2645 1193 2689 nota
1239 2640 1452 2690 familiae
1488 2639 1752 2706 interpola-

238 2733 316 2775 tae
352 2726 619 2788 insignivit.
686 2723 758 2771 At
792 2723 1044 2772 Palatinus
1090 2722 1179 2772 ille
1222 2727 1316 2773 etsi
1360 2724 1556 2772 easdem
1599 2724 1795 2778 inter-‚-

239 2809 535 2876 polationes‚
573 2823 691 2871 quas
727 2807 815 2866 illi,
853 2823 948 2855 non
985 2822 1147 2856 omnes
1183 2807 1351 2867 habet,
1391 2806 1563 2854 multas
1597 2810 1753 2853 tamen

237 2891 385 2942 habet
417 2891 540 2938 alias
582 2895 631 2938 et
673 2891 920 2955 proprias,
966 2906 1026 2940 ac
1061 2906 1116 2939 re
1160 2892 1435 2941 accuratius
1487 2890 1759 2939 examinata
1837 2951 1842 2956 ¹
