1846 3146
627 645 750 704 De
780 644 1094 706 Nasonis
1124 647 1301 707 fllia.

286 768 341 801 De
363 769 438 803 filia
459 777 528 802 sua
548 771 648 804 Naso
672 772 779 805 etiam
804 777 1059 808 commemorat
1081 777 1115 818 Ι,
1126 777 1161 819 3,
1175 777 1243 819 19.,
1253 779 1356 811 Pont.
1380 779 1414 821 1,
1436 779 1473 822 8,
1497 779 1551 812 32.
1570 780 1607 812 et
1619 780 1725 813 Fastf

198 824 269 867 VI,
292 825 369 857 219.
415 827 488 858 Sed
512 835 591 859 cum
614 830 691 860 tres
714 829 883 870 deinceps
905 838 1041 863 uxores
1062 831 1244 875 habuerit,
1267 835 1468 876 quaeritur,
1486 843 1578 876 quae
1600 837 1645 868 de
1661 837 1721 869 his

197 879 315 912 tribus
337 881 433 912 filiae
455 881 556 913 huius
579 884 696 915 mater
719 884 841 917 fuerit.
886 886 973 920 Cum
996 886 1033 918 iu
1055 887 1218 919 exsilium
1238 888 1535 928 proficisceretur
1556 892 1620 924 aut
1641 893 1720 924 ter-

197 935 264 978 tio,
289 945 359 976 quo
381 937 476 969 liber
500 940 647 978 quartus
669 939 829 981 scriptus
852 942 922 983 est,
945 941 1064 984 exsilii
1078 949 1172 973 anno
1195 942 1270 975 filia
1292 943 1366 976 eius
1388 944 1458 976 iam
1481 946 1606 987 paullo
1627 956 1719 988 pro-

196 991 341 1023 vectior
363 994 486 1024 aetate
509 992 623 1026 fuisse
644 995 810 1037 videtur;
834 998 927 1038 quod
946 997 1126 1036 suspicari
1147 997 1236 1030 licet
1257 1006 1303 1030 ex
1326 999 1398 1031 illis
1415 999 1544 1042 prima
1565 995 1719 1033 §inventa

196 1047 267 1089 IV,
280 1047 336 1090 10,
348 1049 418 1090 ¹75„
431 1056 523 1089 quae
534 1050 663 1094 verba,
678 1052 708 1083 si
722 1051 796 1084 filia
809 1054 896 1093 tum,
912 1059 990 1083 cum
1014 1052 1125 1092 poeta
1148 1060 1191 1084 ea
1206 1053 1400 1096 scriberet,
1414 1055 1451 1087 iu
1470 1056 1586 1097 prIma
1608 1057 1718 1089 etlam

196 1100 386 1135 iuventute
417 1105 561 1148 fuisset,
591 1108 655 1139 vix
685 1108 907 1140 commodum
937 1109 1112 1141 baberent
1140 1117 1294 1140 sensum.
1349 1106 1465 1151 Quum
1486 1112 1605 1144 autem
1629 1111 1717 1144 Ovi-

196 1155 289 1198 dius,
311 1165 462 1192 uxorem
484 1170 586 1194 suam
610 1163 789 1200 (tertiam)
815 1173 884 1205 quo
908 1166 1073 1206 tempore
1096 1165 1132 1196 in
1155 1165 1320 1197 exsilium
1342 1165 1397 1197 ire
1419 1166 1536 1199 iussus
1558 1168 1620 1209 sit,
1652 1166 1715 1200 ιἰι-

193 1219 324 1243 venem
346 1214 538 1256 reliquisse
567 1225 609 1249 se
636 1218 713 1258 ipse
745 1220 841 1252 dicat
871 1220 990 1258 (Pont.
1019 1222 1050 1262 I,
1081 1220 1117 1262 4,
1140 1220 1227 1262 42),
1250 1220 1490 1260 probabiliter
1513 1221 1715 1266 colligitur,

193 1266 306 1300 filiam
328 1269 421 1302 hanc
444 1279 491 1304 ex
515 1273 624 1305 tertia
653 1275 720 1306 illa
748 1282 863 1306 uxore
891 1283 965 1307 non
993 1275 1116 1306 fuisse.
1171 1273 1275 1317 Quod
1302 1275 1334 1308 sl
1356 1283 1403 1308 ex
1422 1277 1496 1309 illis
1517 1278 1716 1312 verisimile

194 1325 265 1366 est,
278 1325 360 1357 aliis
380 1326 514 1367 poetae
536 1329 629 1361 locis
652 1330 762 1371 plane
780 1331 1048 1371 comprobatur.
1094 1331 1200 1364 'ri-ist.
1219 1332 1246 1363 1.
1265 1332 1311 1373 3.,
1323 1331 1383 1363 ubi
1399 1332 1595 1365 discessum
1611 1341 1718 1366 suum

195 1379 242 1411 ab
265 1381 363 1413 Urbe
385 1383 573 1426 describit,
597 1386 641 1416 de
664 1392 781 1416 uxore
803 1393 869 1417 sua
890 1386 956 1418 illa
979 1386 1088 1418 tertia
1109 1395 1145 1418 v.
1169 1386 1222 1418 97.
1245 1388 1283 1418 et
1305 1385 1358 1418 98.
1381 1387 1479 1449 baec·
1494 1386 1597 1420 dicit:

455 1456 520 1484 Nee
537 1458 688 1493 gemuisse
706 1459 805 1487 minus
823 1460 967 1495 (dicitur),
987 1468 1074 1496 quam
1093 1460 1119 1488 si
1137 1462 1266 1488 nataeve
1283 1467 1421 1489 meumve

520 1502 656 1532 Vidisset
673 1506 803 1532 structos
823 1511 931 1539 corpus
949 1505 1061 1533 habere
1078 1511 1180 1540 rogos.

192 1567 270 1599 Iam
291 1568 436 1602 tertiam
458 1572 551 1604 hanc
573 1580 739 1615 uxorem,
762 1575 953 1614 antequam
975 1573 1112 1607 Nasoni
1133 1573 1302 1616 nuberet,
1333 1575 1481 1615 nuptam
1503 1573 1630 1618 fuisse,
1653 1577 1713 1609 at-

192 1631 262 1663 que
285 1631 306 1655 e
327 1625 454 1665 priore
476 1627 547 1659 iam
571 1628 725 1669 coniuge
747 1629 857 1660 filiam
880 1630 1068 1671 habuisse,
1101 1636 1250 1669 eamque
1279 1629 1387 1661 etiam
1409 1630 1446 1662 in
1467 1630 1563 1662 vivis
1584 1630 1713 1673 fuisse,

189 1671 418 1713 manifestum
451 1685 508 1714 est
536 1690 582 1715 ex
610 1684 713 1716 Pout.
735 1685 806 1727 IV,
836 1685 883 1727 8„
914 1685 975 1717 ubi
1002 1684 1114 1726 poeta
1135 1685 1183 1716 ad
1204 1684 1386 1728 Suillium,
1407 1685 1483 1718 eius
1506 1685 1711 1728 coniugem,

188 1734 280 1768 baec
301 1737 430 1770 scribit
453 1740 506 1776 (v.
529 1738 582 1771 11.
605 1741 643 1771 et
666 1739 756 1777 12.):

452 1811 526 1839 Nam
544 1812 599 1840 tibi
616 1820 693 1848 quae
712 1813 831 1848 coniux,
851 1814 956 1842 eadem
973 1813 1046 1844 mihi
1064 1813 1128 1842 filia
1143 1820 1265 1848 paene
1282 1816 1359 1848 est,

518 1857 560 1885 Et
577 1865 655 1893 quae
673 1861 704 1886 te
722 1866 876 1893 generum,
894 1867 941 1888 me
959 1862 1049 1888 vocat
1065 1859 1120 1887 illa
1139 1859 1249 1887 virum.

187 1925 227 1957 et
248 1932 376 1958 rursus
399 1935 434 1958 v.
457 1926 510 1959 89.
534 1929 572 1959 et
594 1928 670 1961 90.:

451 1999 568 2035 Tangat
585 2003 619 2028 ut
635 2002 693 2029 hoc
709 2004 812 2029 votum
830 2001 986 2036 eoelestia,
1005 2009 1074 2030 care
1092 2002 1192 2036 Suilli,
1322 2038 1323 2042 Ἰ

517 2044 661 2080 Numina,
688 2053 743 2081 pro
767 2053 901 2074 socero
930 2054 1053 2081 paene
1078 2054 1204 2082 precare
1237 2048 1312 2074 tuo.

185 2110 233 2144 si
247 2112 359 2154 igitur
382 2114 508 2146 eadem
531 2109 626 2147 uxor
648 2122 694 2146 ex
715 2115 793 2155 ipso
824 2122 965 2155 quoque
998 2115 1107 2149 filiam
1136 2116 1290 2148 alteram
1318 2114 1515 2155 habuisset,
1538 2121 1611 2146 non
1632 2121 1707 2145 na-

186 2168 295 2200 taeve
316 2170 398 2200 erat
421 2170 624 2213 dicendum,
646 2172 710 2202 sed
733 2170 975 2212 natarumve,
1005 2172 1068 2202 aut
1085 2170 1165 2202 aliis
1187 2170 1278 2202 illud
1299 2170 1420 2202 verbis
1443 2169 1705 2201 enuntiandum.

185 2223 306 2257 Omnis
329 2226 450 2257 autem
474 2226 518 2258 de
541 2233 585 2258 ea
606 2234 649 2259 re
672 2226 848 2259 dubitatio
871 2226 1015 2258 tollitur
1037 2225 1123 2257 loco
1146 2225 1265 2257 altero
1289 2225 1397 2258 Trist.
1419 2224 1470 2266 V,
1492 2226 1529 2266 5,
1552 2223 1622 2266 49„
1644 2224 1706 2256 ubi

184 2279 298 2320 poeta
329 2281 488 2313 natalem
516 2282 643 2326 uxoris
670 2282 708 2314 in
738 2280 892 2322 Scythia
922 2279 1112 2312 celebrans
1150 2281 1194 2311 de
1224 2287 1296 2311 una
1324 2280 1462 2311 tantum
1491 2287 1537 2311 ac
1564 2288 1639 2312 non
1660 2280 1705 2311 de
1768 2322 1771 2325 Δ

184 2336 363 2367 communi
386 2337 452 2368 sed
476 2337 520 2382 de
542 2337 618 2370 filia
639 2336 782 2378 uxoris,
803 2335 974 2377 privigna
994 2342 1078 2378 suu,
1103 2335 1310 2377 planissime
1339 2334 1436 2368 dicit.
1478 2335 1606 2367 Verba
1626 2334 1707 2368 eius

181 2389 273 2422 baec
294 2393 397 2424 sunt:

447 2464 505 2494 Illa
523 2466 628 2500 (uxor)
647 2467 735 2496 domo
753 2469 883 2502 nataque
901 2473 956 2495 sua
972 2464 1130 2501 patriaque
1148 2463 1276 2493 fruatur.

180 2534 272 2567 Nam
297 2536 391 2575 quod
414 2535 596 2577 interpres
620 2537 856 2570 Germanicus
879 2535 997 2570 Ovidii
1018 2533 1271 2568 Remediorum
1293 2533 1566 2568 Strombeekius
1587 2540 1705 2574 nuper

180 2590 350 2632 repetiit,
382 2591 586 2623 naturalem
614 2593 770 2626 Nasonis
800 2593 911 2625 filiam
939 2593 1025 2624 ante
1053 2589 1168 2631 patris
1198 2588 1362 2621 exsilium
1396 2591 1575 2622 mortuam
1607 2597 1704 2631 esse,

181 2645 251 2676 duo
274 2647 359 2678 sunt
381 2646 418 2677 in
439 2648 629 2689 promptu,
659 2648 785 2689 quibus
814 2647 910 2679 illius
938 2643 1142 2677 sententiae
1174 2644 1308 2676 levitas
1331 2653 1481 2685 prorsus
1504 2645 1705 2688 refellitur,

180 2708 332 2740 quorum
354 2701 505 2740 primum
530 2704 586 2734 est
608 2703 834 2735 verissimum
858 2700 1100 2734 testimonium
1129 2700 1240 2740 ipsius
1264 2699 1382 2732 Ovidii
1403 2700 1511 2732 Trist.
1534 2701 1565 2741 Ι,
1588 2700 1624 2741 3,
1647 2699 1703 2733 18.

180 2753 248 2788 Cui
272 2763 340 2796 par
361 2757 545 2797 gravitate
567 2758 724 2790 alterum
747 2758 836 2790 illud
858 2759 928 2800 est,
941 2757 1036 2797 quod
1047 2755 1159 2797 poeta
1179 2756 1247 2797 IV,
1271 2754 1327 2796 10,
1351 2755 1403 2786 78.
1417 2755 1454 2786 et
1465 2754 1518 2786 32.
1535 2754 1704 2796 fratrem,

179 2813 216 2843 et
230 2814 401 2851 parentes
425 2814 509 2844 ante
532 2813 713 2845 infelicem
735 2813 836 2845 illum
859 2813 1054 2844 discessum
1076 2812 1239 2843 mortuos
1263 2810 1363 2852 dicit,
1377 2810 1421 2841 de
1443 2810 1559 2841 morte
1581 2811 1702 2841 autem

179 2866 292 2908 filiae,
316 2874 409 2907 quae
432 2867 467 2899 ei
495 2868 669 2908 proprior
696 2870 797 2910 erat,
829 2867 918 2900 nihil
940 2868 1207 2900 commemorat.
1254 2866 1418 2906 Apparet
1438 2863 1563 2906 igitur,
1585 2871 1659 2895 non
1681 2869 1705 2894 e
