1846 3146
243 275 247 279 ,
624 211 753 279 nm.
787 209 877 260 Ν.
927 207 1128 260 mo.
1163 208 1202 258 1.

154 324 334 388 Fertur
362 340 414 386 et
445 333 656 386 abducta
687 330 994 399 Lyrnesside
1025 331 1180 379 tristis
1213 326 1443 378 Achilles

1507 246 1509 249 ⁴
1575 204 1672 255 341

1607 325 1674 375 15

220 419 492 469 Haemonia
525 433 667 468 curas
700 420 978 465 attenuasse
1000 412 1135 478 lyra.
1187 446 1197 456 .

156 501 280 553 Cum
314 500 531 550 traheret
562 499 719 549 silvas
752 495 976 563 Orpheus
1011 499 1062 544 et
1095 493 1217 542 dura
1252 491 1473 543 canendo

221 583 375 646 Saxa,
406 583 484 633 bis
519 583 695 631 amissa
726 581 936 643 coniuge
967 580 1182 649 moestus
1214 581 1332 625 erat.

156 665 243 716 Me
274 679 464 731 qnoque
495 664 642 714 Musa
672 661 811 711 levat
842 660 989 710 Ponti
1022 660 1136 709 loca
1167 661 1301 707 iussa
1339 662 1606 725 petentem3
1652 646 1657 656 ’

221 747 348 799 Sola
380 761 542 798 comes
574 750 773 795 nostrae
805 744 1018 811 perstitit
1051 741 1140 790 illa
1172 741 1322 806 fugae
1334 761 1354 802 3·

154 897 326 940 poi-isque
356 904 479 932 moras
508 895 688 930 mutando
717 892 880 936 levandi,

158 947 261 995 Virgss
285 953 420 994 oeorg.
443 953 477 994 1,
499 951 576 984 293.

220 1009 344 1039 Interea
358 1010 482 1045 longum
499 1010 589 1036 cantu
606 1007 704 1036 solata
722 1007 858 1035 lahorem

220 1052 337 1088 Arguto
364 1053 474 1081 coniux
490 1051 640 1088 percurrit
655 1051 776 1087 pectine
793 1051 881 1078 telas.

158 1106 264 1141 Conf-
292 1106 397 1147 virg.
427 1105 563 1147 Geor-g.
591 1105 662 1147 IV,
693 1103 770 1137 334.
792 1111 883 1144 sqq„

155 1161 234 1194 'l'ib-
255 1163 288 1204 1,
310 1161 347 1203 8,
368 1161 440 1203 8⁵„
460 1161 512 1203 11,
535 1160 570 1202 1,
593 1160 670 1202 σει,
702 1159 789 1192 Met.
812 1158 883 1199 IV,

158 1217 230 1259 ³9„
251 1217 353 1249 Hom.
375 1215 440 1249 Od.
462 1215 510 1258 X,
532 1214 608 1247 221.

202 1283 256 1316 14.
288 1280 474 1323 Decipere
496 1280 675 1320 laborem,
705 1281 744 1311 ut
763 1277 883 1320 falle-

158 1337 215 1380 re,
237 1338 296 1370 oet
315 1336 465 1379 facere,
496 1343 543 1368 ne
570 1334 758 1366 sentiatur.
802 1332 884 1365 Vid.

158 1393 235 1435 1115
252 1393 289 1435 2,
312 1393 359 1434 6.,
382 1392 450 1433 IV,
472 1390 530 1432 10,
558 1389 649 1431 114.,
676 1389 727 1430 V,
755 1388 791 1429 ⁷,
815 1387 885 1429 39„

157 1447 311 1480 Bentlei.
328 1448 374 1479 ad
390 1448 477 1479 Hor.
502 1444 565 1480 Od.
578 1445 630 1487 11,
650 1444 706 1486 13,
724 1443 776 1476 38.
821 1443 886 1476 Ed.

157 1511 214 1544 pr.
236 1502 358 1535 Heius.
379 1499 541 1534 tollitur.

202 1568 256 1601 15.
287 1565 523 1609 Lyrna-side.
583 1565 659 1597 Pal.
691 1564 720 1597 1.
727 1585 743 1606 ,
783 1565 886 1597 XXII

158 1623 306 1665 Heius,
337 1615 466 1656 Dresd.
498 1623 537 1654 et
565 1622 649 1662 seg.
671 1618 886 1652 Lerne-eide.

158 1679 275 1721 Leid„
295 1678 408 1720 Gall„
429 1673 527 1716 (Bel.
550 1678 587 1708 et
607 1675 735 1708 Dresd.
758 1683 827 1716 pro
849 1684 894 1714 v.-

159 1735 252 1772 εστ.)
272 1731 458 1774 Briseide,
477 1740 498 1764 e
519 1732 664 1764 Remed.
687 1732 729 1763 A.
750 1740 786 1762 v.
809 1731 886 1762 777.

162 1788 324 1831 „Scribe
344 1785 578 1826 Lyrna-seiae.
612 1782 823 1828 Δύρνησσος
845 1793 887 1817 e-

163 1842 238 1875 nim
259 1842 411 1875 Graecis
424 1842 495 1874 hoc
513 1841 691 1883 oppidum.
722 1839 791 1873 Uni
812 1840 888 1871 He-

162 1897 292 1939 sychia
321 1891 556 1938 Δύρνησος.“
610 1894 757 1927 ΠιιΝε.
812 1891 888 1927 cn-

166 1952 267 1985 dices
288 1958 381 1984 vero
404 1952 442 1982 et
469 1951 559 1982 vett.
588 1951 667 1982 edd.
688 1949 727 1981 in
747 1956 819 1981 una
838 1948 888 1981 li-

163 2009 247 2040 tera
267 2012 289 2038 σ
310 2006 390 2038 tere
412 2005 644 2038 consentiunt
665 2007 703 2037 et
719 2003 887 2044 hoedoco

163 2063 202 2094 et
222 2062 310 2094 net.
332 2061 416 2102 111,
438 2059 513 2093 108.
535 2062 574 2093 et
593 2061 696 2102 xm,
709 2059 782 2091 1⁷6.
816 2056 888 2091 Vi-

162 2116 209 2148 de
230 2112 373 2157 tamen',
400 2122 492 2156 quae
520 2115 565 2147 de
591 2114 791 2156 scriptione
818 2113 887 2145 hu-

162 2170 218 2203 ius
238 2170 342 2203 vocis
362 2177 479 2212 nuper
500 2170 697 2211 disputavit
705 2169 887 2210 Spitzner.

164 2225 212 2257 ad
238 2224 341 2256 Hom.
370 2224 412 2256 11.
442 2225 494 2266 11,
523 2224 600 2256 29⁰.
653 2225 738 2257 Fuit
767 2226 887 2257 autem

163 2278 560 2320 Lyrnesus-oppidum
583 2278 748 2322 Ciliciae,
766 2280 887 2312 Lesbo

164 2333 379 2375 oppositum.
422 2335 541 2366 Strab.
555 2336 656 2375 XIII.
671 2344 707 2376 p.
724 2334 801 2368 421.
811 2334 888 2367 910.

138 2392 145 2399 ’
163 2388 241 2420 875.
276 2388 394 2427 Atque
406 2387 604 2428 Dyr-nassis
626 2392 683 2423 ωε
704 2390 890 2430 Hippoda-

163 2442 237 2475 nia
256 2441 337 2474 sive
356 2441 514 2483 Briseis,
536 2444 569 2475 h.
592 2451 624 2475 e.
651 2445 779 2477 Brisae
800 2445 891 2486 filia,

165 2497 318 2530 Achillis
339 2504 472 2539 serva,
494 2506 584 2538 quae
606 2499 641 2531 ei
663 2499 708 2531 ab
730 2500 891 2539 Agame-

163 2559 296 2585 mnone
316 2559 384 2593 per
404 2552 476 2584 vim
498 2555 626 2594 erepta
636 2556 693 2586 est
703 2555 756 2592 (V
758 2554 803 2585 id.
814 2545 890 2587 n'ot.

165 2598 397 2649 aemma.
430 2607 483 2640 ob
504 2616 607 2649 quam
623 2608 787 2642 iniuriam
810 2618 891 2641 cum

128 2655 131 2659 ’
166 2662 328 2694 Achilles
361 2662 474 2695 iratus
510 2670 535 2695 a
573 2663 671 2695 bello
714 2664 891 2704 cessaret,

169 2715 371 2757 Graecique
401 2718 477 2750 eius
503 2726 574 2759 ope
595 2717 730 2759 privati
751 2725 775 2750 a
795 2719 891 2751 Tro-

166 2770 257 2804 inuis
292 2773 445 2804 maxime
472 2775 748 2815 premerentur,
776 2773 891 2814 legati

167 2825 214 2857 ab
246 2827 513 2867 Agamemnone
553 2828 651 2861 missi
685 2831 770 2860 sunt
811 2836 891 2860 eum

168 2882 413 2925 conciliatum,
436 2883 494 2924 qui
517 2883 678 2916 citharae
700 2887 808 2917 cautu
828 2893 890 2917 se-

1610 741 1676 789 20

946 898 988 924 se
1011 890 1254 925 oblectantem
1282 890 1319 923 in
1342 889 1502 923 tentorio
1523 888 1676 922 invene-

947 948 1045 979 runt.
1090 947 1194 979 Hom.
1214 946 1259 979 11.
1283 948 1347 989 IX,
1369 945 1445 979 186.

1018 1007 1096 1045 Τὸν
1116 1006 1150 1045 δ’
1170 1002 1280 1054 εὖρον
1307 1005 1425 1053 φρένα
1452 1004 1677 1052 τερπόμενον

1344 1061 1518 1107 φόρμιγγι
1552 1061 1676 1107 λιγείῃ.

949 1134 1056 1170 Conf.
1079 1135 1203 1167 Amor.
1226 1134 1278 1175 11,
1302 1132 1365 1175 11,
1394 1131 1464 1175 31„
1497 1133 1584 1164 Her.
1608 1132 1678 1172 111,

948 1191 1023 1224 113.
1046 1192 1085 1223 et
1106 1197 1205 1230 seqq.

993 1256 1046 1288 16.
1078 1253 1337 1287 Haemonia—
1354 1254 1460 1295 lyra,
1492 1252 1678 1285 Thessali-

950 1318 1016 1352 ca,
1044 1311 1140 1342 unde
1169 1311 1251 1342 erat
1272 1308 1445 1342 Achillea.
1499 1307 1581 1339 Vid.
1606 1308 1679 1347 111,

951 1366 1009 1408 11,
1031 1366 1086 1398 28.
1136 1365 1239 1397 Vere
1266 1367 1386 1397 autem
1416 1365 1498 1396 erat
1526 1370 1572 1395 ea
1592 1362 1681 1404 lyra

951 1420 1136 1461 Thebana,
1160 1427 1264 1460 quam
1286 1419 1449 1452 Achillea

1018 1502 1060 1508 —
1095 1478 1193 1527 ἄρετ’
1224 1479 1262 1525 ἐξ
1294 1478 1433 1525 ἐνάρων
1464 1479 1573 1516 πόλιν
1604 1477 1679 1514 Ἠε-

1344 1536 1475 1576 τίωνος
1496 1533 1657 1575 ὀλέσσας.

951 1597 999 1629 Ut
1021 1598 1077 1629 est
1098 1596 1194 1637 apud
1216 1596 1318 1628 Hom.
1341 1595 1384 1627 11.
1409 1595 1474 1635 IX,
1497 1592 1573 1625 188.

996 1662 1049 1694 17.
1086 1661 1281 1703 orpheus,
1313 1662 1459 1702 Thrax,
1499 1657 1680 1699 Apollinis

951 1717 1033 1750 sive
1054 1718 1187 1759 Oeagri
1209 1727 1231 1750 e
1252 1717 1419 1758 Calliope
1440 1717 1547 1747 Musa
1570 1714 1680 1755 filius,

952 1773 1140 1805 fabulosus
1163 1765 1388 1806 Graecorum
1419 1769 1550 1802 fidicen
1571 1771 1683 1808 atque

953 1828 1078 1870 poeta,
1101 1828 1160 1869 qui
1180 1828 1290 1869 lyrae
1311 1834 1336 1859 a
1358 1824 1546 1859 Mercurio
1569 1832 1682 1856 acce-

953 1885 1045 1924 ptae,
1061 1884 1174 1925 (Hyg.
1201 1882 1242 1914 F.
1264 1882 1412 1914 Astu-om
1437 1881 1490 1918 ¹7.)
1512 1886 1557 1912 ac
1578 1880 1683 1912 vocis

954 1938 1145 1971 dulcedine
1172 1938 1293 1978 teras,
1328 1936 1444 1968 silvas
1472 1938 1512 1968 et
1539 1939 1682 1969 montes

954 1993 1110 2026 traxisse
1133 1992 1276 2025 dicitur.
1319 1989 1404 2033 Qui,
1429 2000 1536 2032 quum
1557 1993 1683 2034 Eury-

955 2050 1036 2082 dice
1057 2057 1152 2082 uxor
1173 2050 1318 2081 mortua
1338 2049 1451 2088 esset,
1473 2049 1517 2079 ad
1543 2048 1684 2081 inferos

956 2106 1142 2139 descendit
1163 2106 1201 2136 et
1223 2106 1331 2136 cantu
1359 2110 1427 2134 suo
1461 2109 1485 2133 a
1514 2103 1685 2146 Plutone,

956 2163 997 2193 ut
1018 2168 1098 2192 eam
1119 2159 1329 2199 reduceret,
1351 2157 1582 2205 impetravit,
1615 2159 1685 2191 hac

955 2214 1055 2256 lege,
1077 2220 1138 2255 ne,
1150 2212 1358 2253 priusquam
1372 2213 1418 2244 ad
1440 2221 1594 2253 superas
1616 2222 1685 2246 au-

956 2277 1019 2302 ras
1048 2268 1318 2310 pervenissent,
1345 2267 1559 2308 respiceret.
1613 2270 1686 2301 Sed

958 2332 1038 2356 cum
1066 2323 1212 2355 videndi
1246 2323 1469 2364 impatientia
1499 2325 1686 2365 respexis-

956 2381 1039 2420 set,
1083 2379 1268 2420 Eurydice
1301 2379 1348 2410 ad
1380 2380 1524 2412 1nreros
1567 2379 1685 2412 rediit.

956 2435 1058 2466 Unde
1081 2433 1137 2465 bis
1158 2433 1297 2465 amissa
1327 2433 1491 2475 coniuge.
1543 2436 1626 2475 Ipse
1649 2435 1686 2467 in

958 2491 1113 2531 Ismaro,
1134 2490 1310 2522 Thraciae
1332 2493 1454 2522 monte
1467 2491 1596 2521 sedens
1617 2490 1686 2521 do-

956 2545 1075 2577 lorem
1095 2554 1198 2577 suum
1221 2546 1385 2576 canendo
1403 2545 1558 2585 levavit,
1581 2545 1641 2576 ubi
1664 2554 1687 2576 a

956 2600 1194 2631 maenadibus
1223 2601 1303 2631 sive
1332 2600 1482 2631 Bacchis
1504 2600 1687 2632 dilacera-

958 2656 1014 2686 tus
1037 2658 1103 2686 est.
1157 2655 1248 2686 vid.
1267 2655 1370 2697 Virg.
1394 2656 1436 2688 G.
1461 2656 1530 2696 IV,
1552 2655 1630 2687 454.
1654 2656 1686 2686 i·-

957 2709 1063 2748 bique
1085 2709 1257 2750 interpp„
1280 2712 1368 2742 Met.
1391 2712 1438 2752 X,
1462 2710 1493 2741 1.
1516 2719 1591 2750 sqq.
1635 2711 1685 2741 Α-

957 2764 1094 2804 pollod.
1117 2766 1144 2795 Ι.
1169 2773 1199 2795 c.
1221 2766 1268 2805 3.,
1292 2765 1355 2797 Od.
1382 2768 1413 2808 1,
1436 2765 1494 2806 12,
1511 2766 1543 2796 9.
1580 2766 1685 2795 Bern.

958 2819 1213 2851 contraheret.

1004 2884 1057 2917 19.
1091 2884 1301 2925 Petentem,
1339 2885 1390 2917 ita
1424 2885 1687 2925 accipIendum,
