1846 3146
203 173 303 223 210

203 294 270 343 Et
305 292 478 358 quibus
513 307 543 342 e
560 293 738 342 succis
773 291 918 342 abeat
952 290 1017 340 de
1051 304 1262 356 corpore
1294 290 1449 352 livor,-

444 171 501 220 P.
539 169 761 220 OVIDII
795 167 1112 220 NASONIS
1146 166 1490 219 TRISTIUM

1637 266 1737 339 455

268 376 515 443 Impresso
548 376 655 425 fieri
691 377 774 440 qui
805 374 937 424 solet
969 389 1074 435 ore,
1110 372 1272 423 docet.

203 460 430 524 Denique
464 459 525 509 ab
561 461 758 508 incauto
789 459 982 507 nimium
1014 459 1139 524 petit
1170 457 1261 506 ille
1295 458 1500 518 marito,>

270 542 343 593 Se
379 556 572 607 quoque
605 543 677 589 uti
710 545 895 602 servet,
929 545 1108 607 peccet
1139 541 1194 589 ut
1226 540 1316 589 illa
1347 542 1517 590 minue.

206 624 319 676 Scit
353 626 433 674 oui
466 624 688 685 latretur,
725 639 832 673 cnm
863 623 1001 674 solus
1035 623 1327 685 obambulat,
1361 626 1472 691 ipse

271 705 369 758 Cui
403 708 552 757 toties
587 707 782 757 clausas
817 712 1049 757 exscreet
1080 711 1194 757 ante
1229 707 1394 769 fores;

204 881 298 912 nutu
327 888 357 912 s.
386 888 415 912 e.
452 843 660 921 ᾰίρὶιὶεᾳαε.
699 860 824 912 'Leid.
854 887 939 912 mu·-

206 938 336 979 lusque
359 937 432 969 loc.
486 937 592 969 Bern.
614 934 843 976 nuptumque
866 934 939 968 loc.

248 1026 326 1058 455.
359 1023 504 1057 succis.
559 1023 667 1065 VMed.
700 1031 793 1056 unus
823 1021 938 1065 fucis.

202 1080 279 1114 Tib.
302 1082 335 1123 Ι,
358 1081 395 1123 6,
419 1080 474 1113 13.
871 1085 873 1097 ·

170 1132 172 1137 Ι
270 1155 355 1184 'runo
379 1161 488 1184 succos
513 1155 685 1189 herbasque
708 1151 789 1186 dedi,
813 1151 881 1188 quis
899 1151 941 1180 li-

600 1205 657 1226 vor
673 1196 783 1230 abiret,

318 1243 415 1277 Quem
440 1241 516 1271 facit
547 1242 697 1277 impresso
723 1243 827 1269 mutua
849 1240 941 1269 dente

603 1286 717 1315 Venus.

201 1355 257 1387 De
278 1341 402 1387 liv'ore
425 1363 472 1387 ex
501 1354 694 1387 cumulatis
719 1353 855 1386 osculis
879 1352 939 1384 ni-

201 1410 344 1452 mioque
366 1410 403 1442 in
434 1410 660 1452 amplexibus
687 1409 823 1450 impetu
845 1406 940 1448 poe-

203 1468 264 1499 tae
287 1467 451 1507 veteres,
474 1467 516 1498 ut
537 1465 574 1497 in
597 1472 643 1496 ea
664 1472 707 1497 re
733 1463 848 1495 minus
871 1469 940 1494 ve-

202 1522 376 1563 recundi,
405 1529 517 1562 saepe
546 1521 755 1561 loquuntur-
807 1518 883 1551 Tib.
906 1518 939 1559 Ι,

201 1580 238 1622 8,
274 1579 327 1611 37.
338 1600 352 1620 ,
383 1576 516 1611 catull.
544 1576 647 1617 vm,
686 1574 755 1616 18„
787 1574 942 1606 Theocr.

202 1635 355 1676 XXVII,
386 1632 438 1665 18.
497 1631 580 1664 vid.
611 1631 730 1662 Burm.
763 1630 810 1660 ad
832 1629 942 1669 Prop.

201 1692 269 1733 111,
303 1691 339 1732 6,
373 1688 443 1731 21.,
476 1686 681 1720 Mitseherl.
712 1686 750 1717 et
781 1683 942 1717 Lambin.

202 1747 249 1778 ad
272 1746 361 1778 Hor.
386 1744 451 1777 od.
475 1745 508 1786 1,
533 1743 593 1786 13,
617 1743 672 1775 15.
698 1757 742 1764 --
763 1742 887 1774 Amor.
909 1741 942 1782 1,

202 1801 240 1842 7,
264 1799 318 1832 41.

270 1872 380 1907 Aptius
398 1871 555 1906 impressis
581 1874 648 1899 erat
675 1878 710 1899 os
728 1871 825 1899 livere
843 1869 942 1898 label-

604 1916 654 1950 lis,

319 1960 360 1989 Et
388 1961 469 1989 collo
495 1959 599 1989 blandi
625 1959 726 1988 dentis
751 1960 866 1988 habere
879 1966 941 1989 no·-

603 2006 675 2031 tam.

204 2073 301 2107 Gall.
326 2062 433 2106 abest
453 2081 486 2106 e.
533 2072 653 2105 Berol.
676 2072 724 2105 de
748 2073 916 2115 pectore.

247 2163 325 2196 457.
360 2158 565 2194 Nimium
591 2158 701 2200 petit.
768 2160 822 2192 Tu
854 2159 940 2191 vide

203 2220 387 2252 Nasonem
408 2216 571 2249 iocosum
590 2215 685 2247 inter
695 2215 803 2248 seria.
847 2212 941 2248 Ser-

203 2274 278 2315 vet,
302 2273 487 2305 observet.
533 2273 655 2305 Locus
675 2270 810 2304 Tibulli
831 2273 888 2303 est
909 2272 941 2313 Ι,

207 2330 244 2371 6,
269 2329 323 2362 15.

269 2403 310 2431 At
327 2405 360 2430 tu
378 2401 499 2430 fallacis
517 2387 629 2429 coniux
650 2400 772 2429 incaute
790 2402 922 2437 puellae,

320 2446 370 2474 Me
395 2453 516 2482 quoque
539 2449 673 2481 servato,
698 2447 806 2482 peccet
831 2447 866 2473 ut
887 2444 943 2473 illa

601 2489 689 2519 nihil.

202 2562 299 2594 Nota
331 2560 463 2602 etiam,
497 2568 603 2601 quam
630 2560 823 2602 eleganter
843 2560 941 2592 Naso

157 2611 159 2613 ’
203 2617 385 2648 Tibullum
416 2617 596 2659 corrigat,
621 2613 743 2648 minus
775 2616 941 2649 scribens

180 2670 183 2678 '
202 2681 272 2713 pro
287 2671 402 2705 nihil.

245 2740 341 2789 Put„
367 2739 488 2779 Serv„
512 2738 547 2769 Π
568 2737 630 2769 alii
652 2737 773 2770 Heius.
796 2739 833 2769 et
855 2738 939 2777 Seg.

199 2793 297 2836 ipsa.
354 2793 499 2845 Reliqui
532 2794 636 2825 codd.
670 2795 709 2825 et
740 2795 829 2826 vett.
860 2793 939 2824 edd.

200 2850 283 2891 illa,
306 2849 470 2891 exceptis
507 2857 578 2881 uno
602 2849 688 2882 Vat.
719 2851 757 2881 et
786 2850 843 2881 ed.
866 2849 939 2902 330-

1636 702 1736 753 460

1007 889 1108 923 non.‚
1143 880 1203 922 qui
1226 879 1314 922 ille,
1355 878 1451 921 quod
1470 877 1574 911 recte
1596 874 1739 918 recepit

1007 936 1185 970 Heinsius.

1050 1027 1127 1060 459.
1169 1023 1264 1067 Scit,
1299 1022 1363 1057 cui
1395 1021 1577 1056 latretur.
1658 1019 1739 1056 La-

1007 1083 1119 1116 trare
1141 1079 1480 1122 alicuifdiciturmt
1503 1079 1673 1112 clamare
1693 1086 1742 1110 a-
1775 1110 1780 1117 ,

1007 1136 1111 1170 licui.
1166 1137 1235 1170 Est
1267 1138 1388 1176 autem
1421 1135 1454 1167 h.
1487 1134 1512 1167 1.
1550 1131 1742 1170 tussiendo

1005 1194 1071 1227 vel
1094 1192 1332 1225 ewscreando
1355 1189 1500 1232 sianum
1529 1189 1637 1223 dare.
1684 1188 1740 1222 01»

1007 1250 1140 1283 oeulos
1162 1248 1299 1281 habere
1319 1246 1466 1280 videtur
1487 1246 1565 1280 Tib.
1587 1247 1620 1288 1,
1639 1245 1742 1288 lists.

1071 1322 1114 1351 Et
1130 1321 1254 1351 simulat
1269 1321 1401 1350 transire
1418 1320 1548 1365 domum,
1565 1327 1636 1348 mox
1653 1318 1742 1348 dein-

1261 1372 1263 1374 ·
1405 1365 1443 1393 de
1458 1363 1592 1393 recurrit

1123 1411 1225 1446 Solus,
1252 1413 1284 1439 et
1300 1412 1371 1439 ante
1388 1409 1471 1482 ilrvsas
1490 1410 1630 1438 exscreat
1645 1414 1742 1443 nsque

1417 1461 1496 1483 ores.

1007 1523 1100 1565 scit,
1123 1522 1184 1561 cui
1206 1524 1389 1564 latretur,
1412 1531 1466 1556 sc.
1487 1522 1571 1566 sibi,
1593 1531 1618 1556 a
1632 1521 1746 1564 puel-

1006 1580 1046 1612 la
1073 1580 1154 1613 sive
1182 1579 1309 1612 amica.
1364 1578 1430 1612 Sin
1464 1580 1585 1611 autem
1607 1576 1742 1611 Tibulli

1007 1635 1072 1667 ille
1092 1635 1198 1668 locus
1220 1635 1423 1677 sequendus
1446 1634 1508 1676 sit,
1528 1632 1742 1673 intelligen-

1009 1692 1091 1723 dum
1121 1691 1208 1723 erit:
1240 1699 1266 1723 a
1293 1699 1334 1723 se
1365 1689 1520 1722 amicae.
1565 1690 1616 1721 At
1638 1687 1743 1729 prior

1009 1746 1264 1788 interpretatio
1292 1754 1384 1779 vera
1413 1745 1497 1777 mihi
1519 1744 1660 1786 quidem
1681 1741 1743 1775 vi·-

1010 1804 1134 1836 detur:
1184 1802 1244 1836 cui
1289 1801 1482 1844 eleganter
1525 1799 1743 1842 opponitur:

1008 1857 1170 1900 cuivtsc.
1190 1855 1358 1896 amicae)
1385 1856 1487 1899 ipse
1517 1854 1628 1889 toties
1730 1876 1740 1885 .

1005 1912 1125 1954 fores.

1052 1980 1117 2012 Ed.
1140 1970 1276 2011 Bonon.
1300 1978 1376 2012 scis
1398 1977 1472 2012 cui.
1508 1979 1650 2015 offiano.
1667 1973 1744 2007 scit

1006 2042 1090 2066 cur.
1134 2034 1235 2068 Leid.
1257 2033 1331 2066 scit
1352 2043 1414 2066 an.
1435 2033 1602 2075 —Gall.,
1625 2031 1742 2073 Leid.,

1007 2090 1103 2132 Bel„
1115 2090 1239 2132 Crev.,
1262 2091 1370 2123 Rern.
1400 2092 1438 2123 et
1456 2091 1547 2123 vett.
1570 2088 1653 2120 eddi
1674 2085 1742 2118 ob-

1008 2145 1191 2187 ambulat,
1221 2147 1316 2186 quod
1345 2140 1501 2186 poscere
1534 2143 1631 2176 ratio
1655 2150 1744 2175 sen-

1007 2201 1144 2233 tentiae
1165 2201 1321 2233 videtur.
1368 2198 1472 2234 eo'nf.
1497 2209 1533 2233 v.
1556 2200 1634 2232 282.
1650 2199 1744 2241 478„

1009 2258 1076 2299 111,
1100 2256 1158 2298 10,
1182 2257 1213 2289 9.
1259 2255 1401 2297 Reliqui
1431 2255 1535 2288 codd.
1562 2253 1743 2287 obambu-

1009 2312 1071 2345 let.
1117 2314 1197 2345 Put.
1228 2314 1266 2344 et
1296 2312 1351 2343 ed.
1381 2319 1436 2351 pr.
1461 2301 1560 2351 ipsa.
1606 2311 1742 2344 nersm.

1009 2369 1047 2401 et
1068 2369 1106 2402 V
1127 2368 1192 2401 alii
1212 2367 1335 2400 Heius.
1356 2365 1435 2399 ille.

1053 2457 1130 2490 460.
1163 2455 1244 2489 Cui.
1290 2456 1392 2490 Maff.
1414 2458 1453 2490 et
1474 2455 1548 2489 alia
1568 2453 1742 2496 quaedum

1007 2515 1100 2545 vett.
1124 2513 1349 2553 exemplaria
1365 2513 1504 2546 rectius
1516 2519 1599 2544 cur.
1630 2502 1741 2552 (21⁰1.

1007 2569 1082 2601 lmo
1115 2567 1296 2611 pessime,
1329 2570 1370 2601 ut
1403 2560 1473 2600 iam'
1503 2566 1636 2600 dietum
1668 2566 1741 2608 est,

1007 2632 1209 2666 quanquam
1241 2623 1335 2657 idem
1377 2624 1546 2656 exhibent
1578 2619 1742 2661 Pirckh„

1006 2681 1103 2712 Mor.
1126 2688 1195 2720 pro
1214 2690 1249 2713 v.
1268 2677 1742 2723 scr.9V11111einS.,Bern.‚
1779 2695 1807 2730 ἰ,

1006 2735 1114 2768 Goth.
1137 2737 1175 2768 et
1198 2735 1307 2769 Crev.
1360 2735 1462 2769 Male
1490 2735 1599 2767 etiam
1621 2730 1741 2772 Leid.,

1006 2791 1127 2823 Berol.
1152 2793 1190 2824 et
1212 2792 1293 2824 Bel.
1316 2790 1378 2833 qui
1401 2789 1522 2832 toties,
1542 2790 1580 2821 et
1598 2787 1653 2819 ed.
1665 2787 1738 2819 Bo-

1005 2854 1090 2880 non.
1115 2855 1195 2880 cum
1218 2847 1347 2882 Dresd.
1371 2853 1454 2878 cum
1477 2843 1596 2889 toties.
