1846 3146
654 164 1070 218 PRAEFATIO.
1495 179 1626 211 xxix
1652 157 1667 166 '¹

112 296 311 343 curatae
354 305 467 340 esse
514 289 765 348 dicuntur,
811 303 901 354 per
940 302 997 336 se
1038 284 1339 334 manifestum
1373 289 1473 343 est,
1516 284 1626 332 fere

109 374 288 440 ubique
322 375 642 432 consentiunt,
676 377 732 420 ut
763 371 1063 436 posteriores
1096 385 1127 417 a
1157 367 1399 434 prioribus
1435 366 1626 415 descri-

112 462 227 523 ptae
259 471 372 506 esse
388 455 661 514 videantur,
695 453 815 502 licet
847 451 1064 501 editores
1098 453 1148 498 in
1181 450 1351 509 titulis,
1386 449 1628 498 editiones

110 556 226 588 suas
260 556 291 588 a
320 552 378 587 sc
408 538 686 601 recognitas
726 541 871 599 atque
905 532 1183 582 emendatas
1217 547 1329 581 esse
1362 531 1627 598 profitean-

111 626 202 670 tur.
267 620 589 669 Bononiensis
619 618 684 666 II.
719 635 749 666 a
780 617 982 682 reliquis
1000 614 1294 664 editionibus
1328 619 1378 663 et
1410 614 1626 662 meliori-

114 704 204 753 bus
221 701 473 752 codicibus
498 700 651 750 valde
670 699 930 764 discrepat,
959 715 1097 762 quam
1114 704 1271 746 tamen
1292 697 1627 745 diversitatem

58 777 62 780 ’
112 800 210 834 non
241 799 427 834 omnem
472 798 502 832 e
542 781 778 846 singulari
825 780 1030 846 quodam
1073 779 1275 839 codice,
1320 778 1411 827 sed
1458 794 1630 842 magna

112 870 247 915 certe
280 881 346 915 ex
377 870 516 933 parte
548 882 579 912 a
607 864 873 913 Francisco
904 862 1195 922 Puteolano,
1229 863 1309 925 qui
1345 862 1628 910 Bononien-

111 963 214 997 sem
252 948 309 1009 1.‚
353 948 483 997 unde
522 948 646 997 haec
688 948 844 1003 altera
890 946 951 994 ab
993 944 1164 994 eodem
1209 943 1517 1010 typographo
1552 947 1629 990 est

14 1034 18 1037 '
111 1029 371 1096 descripta,
402 1032 708 1095 recognovit,
743 1028 1013 1095 profectam
1043 1042 1156 1076 esse
1182 1028 1465 1075 existimem.
1517 1024 1626 1073 Ve-

0 2350 14 2604 4

0 2605 14 2699 ξ

0 2756 14 2884 {i

115 1117 273 1160 netam
305 1114 418 1162 anni
441 1113 573 1162 1492
603 1127 759 1177 neque
783 1110 1059 1159 Merkelius
1086 1110 1306 1169 contulit,
1340 1123 1497 1173 neque
1531 1122 1627 1172 ego

110 1209 309 1259 usquam
336 1197 552 1245 nancisci
581 1195 646 1244 ad
680 1193 1024 1244 conferendum
1041 1195 1194 1258 potui,
1223 1194 1360 1241 cuius
1378 1197 1535 1239 tamen
1554 1192 1627 1238 rei

110 1291 188 1324 me
218 1292 317 1326 non
348 1277 500 1326 valde
533 1279 765 1344 poenitet,
800 1293 941 1341 quum
978 1291 1043 1325 ex
1075 1275 1342 1324 Amatoriis
1377 1280 1428 1322 et
1461 1273 1625 1321 Meta-

110 1358 446 1425 morphosibus
480 1362 530 1408 in
563 1359 641 1408 ed.
675 1359 841 1418 Jahni,
878 1361 959 1424 qui
990 1374 1095 1408 eam
1138 1356 1358 1415 contulit,
1401 1358 1629 1420 exiguum

113 1439 247 1490 illius
280 1459 312 1490 a
343 1442 544 1507 reliquis
574 1442 781 1490 Venetis
821 1455 934 1499 esse
968 1440 1227 1489 discrimen
1261 1438 1528 1487 didicerim.

209 1524 267 1573 In
300 1526 650 1574 commentariis
695 1526 892 1590 primum
929 1525 1129 1589 copiose
1164 1521 1373 1570 disserui
1408 1520 1471 1569 de
1503 1523 1628 1586 ipso,

112 1607 195 1670 qui
225 1613 447 1667 vocatur,
480 1613 633 1667 textu,
667 1612 1007 1671 receptamque
1041 1623 1071 1653 a
1102 1619 1179 1652 me
1212 1606 1497 1669 scripturam
1531 1610 1629 1651 tum

111 1689 232 1736 meis
253 1690 528 1745 ,rationibus
560 1696 704 1752 atque
738 1690 1031 1751 argumentis
1066 1692 1162 1734 tum
1181 1686 1399 1743 aliorum,
1436 1687 1516 1749 qui
1550 1700 1626 1733 me

113 1770 164 1816 in
197 1771 570 1819 commentandis
601 1770 678 1818 his
714 1771 1001 1818 carminibus
1035 1773 1419 1827 antecesserunt,
1460 1767 1629 1816 vindi-

115 1854 230 1901 cavi
262 1857 406 1917 atque
424 1853 733 1911 confirmavi3
770 1850 949 1900 deinde
981 1865 1105 1922 quae
1138 1850 1345 1914 aliquam
1364 1850 1630 1899 difficulta-

113 1939 210 1983 tem
241 1940 325 1982 aut
357 1935 696 1983 obscuritatem
728 1940 811 1982 aut
843 1933 1149 1982 insolentiam
1176 1932 1358 1981 habere
1386 1931 1629 1981 videban-

114 2022 207 2078 tur,
240 2017 417 2077 verba,
450 2016 746 2077 locutiones,
790 2022 1074 2075 structuraS,
1106 2017 1220 2063 item
1253 2017 1487 2063 orationis
1522 2016 1629 2064 ele-

115 2101 305 2163 gantias
338 2104 390 2148 et
419 2101 564 2159 vitia,
611 2101 725 2148 item
767 2115 847 2148 res
878 2098 1137 2146 historicas
1173 2103 1223 2146 et
1255 2097 1629 2163 geographicas,

117 2181 309 2230 fabulas
342 2188 393 2230 et
424 2184 730 2246 antiquitates
765 2199 884 2246 quas
917 2186 1114 2241 vocant,
1144 2182 1351 2246 exposui
1385 2186 1530 2243 atque
1563 2180 1629 2228 il-

115 2262 337 2325 lustravi,
371 2267 422 2312 in
454 2280 550 2328 quo
583 2266 810 2329 Mprimis
829 2279 945 2312 cura
978 2264 1085 2323 fuit,
1121 2268 1175 2311 ut
1190 2263 1368 2327 ubique
1385 2265 1629 2328 proprium

117 2345 231 2394 huic
272 2351 448 2412 poetae
491 2352 558 2395 et.
573 2346 769 2395 dicendi
814 2352 864 2395 ct
907 2344 1150 2394 sentiendi
1190 2344 1409 2403 modum,
1454 2361 1627 2404 voceS,

116 2430 457 2476 sententiarum
489 2429 683 2489 formas,
718 2431 997 2487 sententias,
1034 2428 1239 2475 affectus
1273 2433 1324 2475 et
1357 2427 1455 2476 alia
1487 2428 1628 2476 huius

111 2511 329 2574 geneth,
364 2510 533 2574 quibus
564 2513 688 2559 ratio
724 2518 775 2559 et
806 2513 961 2559 oratio
981 2510 1264 2558 Nasoniana
1298 2512 1628 2573 cognoscitur,

115 2592 441 2657 patefacerem
485 2598 629 2655 atque
675 2593 985 2658 explicarem.
1060 2592 1227 2654 Atque
1282 2593 1331 2638 in
1381 2598 1486 2639 toto
1535 2591 1627 2639 illo

116 2673 463 2740 interpretandi
495 2689 690 2723 munere
732 2677 801 2723 ita
830 2675 1111 2740 plerumque
1145 2691 1249 2722 sum
1282 2679 1530 2732 versatus,
1573 2678 1628 2721 ut

0 2764 18 2784 *
79 2820 82 2821 ⁷
114 2758 315 2820 primum
346 2771 426 2804 res
466 2757 598 2822 ipsas
641 2757 859 2809 breviter
891 2771 1213 2822 exponerem,
1259 2763 1356 2804 tum
1389 2756 1471 2803 ubi
1506 2771 1628 2821 opus

119 2837 392 2898 videbatur,
440 2841 756 2910 argumentis,
799 2838 926 2888 locis
967 2838 1202 2886 similibus
1248 2853 1308 2886 ac
1340 2840 1629 2886 testimoniis
