1846 3146
223 236 357 268 xvm
780 220 1198 271 PRAEFATIO.

226 344 301 390 sio
337 334 628 408 appellatur,
665 344 774 391 sive
808 343 1023 408 Hugenii
1058 359 1088 391 a
1120 342 1603 412 Zuylichem,4haud
1637 359 1748 393 cre-

226 425 315 475 bro
351 423 591 473 laudatus.
661 427 754 486 55]
773 425 958 486 Editio,
984 433 1036 475 ut
1070 427 1130 475 ab
1156 426 1365 476 Heinsio
1400 425 1593 487 dicitur,
1612 430 1749 493 prin-

231 523 364 575 cepS,
401 508 636 568 Romana,
676 511 813 558 cuius
848 511 1096 558 variantes
1132 511 1178 557 in
1202 509 1469 575 exemplari
1485 511 1638 576 primo
1661 512 1750 561 nub

227 597 345 638 nota
378 591 440 638 D.
474 591 619 651 (bibl,
658 606 760 656 reg.
780 592 944 641 Berol.
964 593 1008 640 b.
1030 592 1223 653 Diezii]
1256 597 1484 641 accurate
1517 595 1750 643 enotavit.

226 673 394 738 Atque
440 673 503 722 de
547 680 651 723 toto
699 664 796 724 isto
831 691 1027 724 numero
1074 690 1103 724 e
1136 675 1292 723 XVII
1334 676 1550 740 integras
1592 676 1750 726 colla·

224 758 412 816 tiones,
459 757 628 821 quales
661 758 894 807 Heinsius
928 760 1034 824 ipse
1068 757 1320 824 possedit,
1365 757 1622 820 habemus,
1672 761 1754 825 qui

223 845 359 888 sunt:
396 839 727 901 Buslidianus,
764 840 1209 900 Francofurtensis,
1235 839 1476 908 Gallicus,
1505 842 1750 903 Iunianus,

225 922 514 983 Leidensis,
543 923 862 983 Moretanus,
899 924 1171 985 Puteanus,
1207 923 1442 973 Politiani
1485 924 1608 987 duo,
1645 925 1749 974 Re-

204 1008 360 1070 -gius,
406 1006 725 1070 fragmentum
759 1007 938 1068 Revii,
988 1006 1261 1056 Servianus
1295 1011 1530 1073 excerpta
1563 1007 1751 1069 Vossii,

223 1089 645 1149 Bersmannianus,
682 1089 895 1138 Palatini
931 1088 1043 1150 duo,
1082 1095 1131 1139 et
1166 1089 1656 1158 Pirckheimeri’anus.

324 1171 417 1219 His
452 1172 693 1220 accedunt
741 1173 1034 1222 collationes
1079 1174 1339 1238 nuperrimi
1372 1172 1543 1222 horum
1577 1174 1752 1222 carmi-

223 1270 334 1302 num
370 1254 574 1303 editoris
614 1255 675 1303 R.
701 1251 970 1304 'Merkeliiz
1017 1256 1076 1317 1)
1124 1254 1364 1315 Gothani,
1401 1255 1753 1305 membranacei

222 1336 426 1397 saeculi,
462 1343 588 1386 teste
623 1337 900 1398 Mel-kelio,
948 1338 1108 1398 XIII„
1145 1339 1226 1403 qui
1259 1337 1409 1386 hodie
1442 1343 1670 1388 servatur
1703 1340 1754 1387 in

222 1419 523 1470 bibliotheca
558 1420 720 1469 ducali
753 1419 993 1480 Gothana,
1030 1423 1089 1482 2]
1127 1419 1521 1487 Guelferbytani,
1542 1423 1623 1487 qui
1641 1421 1756 1470 olim

225 1500 376 1551 Gudii
393 1502 501 1563 fuit,
536 1503 902 1564 membranacei,
934 1508 1135 1553 auctore
1163 1503 1350 1553 Eberto
1383 1505 1435 1552 in
1469 1504 1611 1553 catal.
1645 1514 1756 1553 mss.

225 1584 392 1634 Guelf.
428 1602 474 1651 p.
510 1586 608 1634 122
643 1586 830 1635 saeculi
846 1586 1006 1647 XIII.,
1040 1589 1177 1636 cuius
1210 1588 1461 1635 variantes
1478 1587 1755 1636 Merkelius

223 1686 255 1717 a
288 1660 636 1732 Schweigem,
674 1668 1003 1718 bibliothecae
1038 1669 1260 1730 custode,
1296 1672 1502 1736 accepit,
1538 1669 1598 1731 3)
1626 1669 1756 1719 VIII

225 1751 506 1810 editionum,
541 1751 730 1817 saeculi
763 1751 907 1812 XV.,
945 1766 1068 1816 quae
1103 1759 1237 1799 sunt:
1273 1750 1333 1812 l]
1354 1751 1551 1800 Veneta
1584 1752 1753 1801 Iacobi

224 1834 394 1896 Rubei-
419 1850 461 1881 a.
499 1834 654 1893 1474,
703 1837 763 1895 2)
799 1835 1077 1883 Parmensis
1113 1824 1352 1900 Stephani
1388 1831 1580 1884 Coralli
1613 1834 1754 1899 Lug-

179 1962 197 1967 ‚⁷
226 1917 460 1965 dunensis
495 1932 538 1963 a.
575 1915 722 1976 1477,
760 1933 898 1980 quam
932 1922 982 1965 et
1017 1932 1113 1981 ego
1146 1934 1188 1964 a.
1219 1915 1350 1965 1832
1385 1915 1754 1967 inbibliotheca

224 2002 363 2064 regia
396 1997 697 2057 Dresdensi,
744 2000 795 2046 in
842 2017 935 2064 qua
983 2000 1393 2064 elegantissimum
1424 1998 1559 2048 illius
1591 2006 1755 2049 exstat

226 2068 478 2148 exemplar
511 2080 711 2140 contuli,
747 2080 806 2143 3)
841 2082 1168 2131 Bononiensis
1201 2081 1264 2129 Π.
1300 2076 1605 2130 Balthasaris
1639 2082 1751 2131 Az-

172 2167 178 2171 ‘
225 2164 456 2230 zoguidjs
490 2182 533 2213 a.
563 2163 714 2223 1480,
752 2167 888 2213 cuius
925 2165 1174 2231 exemplar
1192 2167 1355 2213 exstat
1386 2166 1436 2212 in
1453 2163 1752 2214 bibliotheca

226 2249 626 2307 Zwiccaviensi,
683 2248 742 2309 4)
779 2247 1044 2297 Vicentina
1083 2250 1318 2314 impressa
1363 2247 1423 2296 ab
1471 2247 1750 2297 Hermanno

226 2331 564 2381 Lichtenstein
599 2328 916 2391 Coloniensi,
954 2330 1238 2380 emendante
1271 2330 1498 2385 Bai-naba
1532 2328 1749 2380 Celsano
1844 2376 1846 2384 ,

227 2415 492 2463 Vicentino
527 2431 570 2462 a.
606 2414 754 2474 1480,
790 2417 928 2463 cuius
957 2413 1185 2463 editionis
1209 2413 1459 2479 exemplar
1475 2413 1751 2462 Merkelius

228 2497 460 2558 contulit,
497 2497 628 2562 quod
661 2503 823 2546 exstat
856 2499 906 2545 in
938 2496 1235 2546 bibliotheca
1266 2496 1654 2556 Zwiccaviensi,
1689 2498 1749 2557 5]
1780 2538 1783 2543 s

229 2576 424 2628 Veneta
459 2597 500 2628 a·
528 2580 683 2640 1484,
720 2581 779 2629 ab
816 2579 987 2628 iisdem
1022 2581 1144 2628 viris
1187 2578 1320 2627 edita
1365 2581 1528 2644 itaque
1561 2564 1749 2626 Vicen-

227 2665 358 2712 tinae
376 2663 632 2722 simillima,
661 2663 718 2724 6)
738 2663 934 2711 'Veneta
952 2662 1242 2711 Bernardini
1262 2661 1325 2709 de
1345 2655 1583 2721 Novaria,
1603 2676 1748 2727 prae-

127 2740 130 2744 ’
227 2747 356 2795 fatus
401 2752 476 2794 est
523 2747 687 2795 Bonus
729 2746 1001 2795 Accursius
1039 2746 1276 2805 Pisanus,
1329 2762 1370 2793 a.
1407 2743 1566 2804 1486,
1612 2745 1782 2792 cuius--

227 2828 477 2894 exemplar
509 2829 807 2888 Merkelius,
845 2827 974 2893 quod
1008 2827 1229 2876 Berolini
1263 2829 1311 2875 in
1351 2825 1468 2887 bibl.
1502 2841 1604 2890 reg.
1639 2841 1749 2874 ser-

227 2919 386 2971 vatur,
425 2911 642 2960 contulit.
720 2911 955 2960 Eiusdem
998 2910 1248 2977 exemplar
1284 2914 1447 2959 exstat
1482 2911 1530 2957 in
1565 2906 1747 2958 biblio-
