<?xml version="1.0" encoding="UTF-8"?>
<!DOCTYPE html PUBLIC "-//W3C//DTD XHTML 1.0 Transitional//EN"
    "http://www.w3.org/TR/xhtml1/DTD/xhtml1-transitional.dtd">
<html xmlns="http://www.w3.org/1999/xhtml" xml:lang="en" lang="en">
 <head>
  <title>
</title>
<meta http-equiv="Content-Type" content="text/html;charset=utf-8" />
  <meta name='ocr-system' content='tesseract 3.04.00' />
  <meta name='ocr-capabilities' content='ocr_page ocr_carea ocr_par ocr_line ocrx_word'/>
</head>
<body>
  <div class='ocr_page' id='page_1' title='image "./tristiumlibriqui00oviduoft_0561.png"; bbox 0 0 1846 3146; ppageno 0'>
   <div class='ocr_carea' id='block_1_1' title="bbox 509 195 1169 249">
    <p class='ocr_par' dir='ltr' id='par_1_1' title="bbox 509 195 1169 249">
     <span class='ocr_line' id='line_1_1' title="bbox 509 195 1169 249; baseline -0.005 0"><span class='ocrx_word' id='word_1_1' title='bbox 509 198 639 249; x_wconf 75' lang='lat' dir='ltr'><strong>Lm.</strong></span> <span class='ocrx_word' id='word_1_2' title='bbox 670 197 736 248; x_wconf 85' lang='lat' dir='ltr'><strong>V.</strong></span> <span class='ocrx_word' id='word_1_3' title='bbox 793 196 994 249; x_wconf 67' lang='lat' dir='ltr'><strong>m.</strong></span> <span class='ocrx_word' id='word_1_4' title='bbox 1027 195 1169 246; x_wconf 83' lang='lat' dir='ltr'>XIV.</span> 
     </span>
    </p>
   </div>
   <div class='ocr_carea' id='block_1_2' title="bbox 1509 194 1609 246">
    <p class='ocr_par' dir='ltr' id='par_1_2' title="bbox 1509 194 1609 246">
     <span class='ocr_line' id='line_1_2' title="bbox 1509 194 1609 246; baseline -0.01 0"><span class='ocrx_word' id='word_1_5' title='bbox 1509 194 1609 246; x_wconf 77' lang='lat'><strong>523</strong></span> 
     </span>
    </p>
   </div>
   <div class='ocr_carea' id='block_1_3' title="bbox 86 317 1369 635">
    <p class='ocr_par' dir='ltr' id='par_1_3' title="bbox 86 317 1369 454">
     <span class='ocr_line' id='line_1_3' title="bbox 86 317 1369 387; baseline -0.005 -15"><span class='ocrx_word' id='word_1_6' title='bbox 86 323 206 373; x_wconf 87' lang='lat' dir='ltr'><strong>Non</strong></span> <span class='ocrx_word' id='word_1_7' title='bbox 236 336 335 387; x_wconf 80' lang='lat' dir='ltr'><strong>ego</strong></span> <span class='ocrx_word' id='word_1_8' title='bbox 368 321 569 371; x_wconf 83' lang='lat' dir='ltr'><strong>divitias</strong></span> <span class='ocrx_word' id='word_1_9' title='bbox 602 319 765 370; x_wconf 77' lang='lat' dir='ltr'><strong>dando</strong></span> <span class='ocrx_word' id='word_1_10' title='bbox 798 320 887 370; x_wconf 85' lang='lat' dir='ltr'><strong>tihi</strong></span> <span class='ocrx_word' id='word_1_11' title='bbox 919 320 1062 387; x_wconf 80' lang='lat' dir='ltr'><strong>plura</strong></span> <span class='ocrx_word' id='word_1_12' title='bbox 1093 317 1369 368; x_wconf 66' lang='lat' dir='ltr'><strong>dedioeem:</strong></span> 
     </span>
     <span class='ocr_line' id='line_1_4' title="bbox 153 402 1265 454; baseline -0.003 -1"><span class='ocrx_word' id='word_1_13' title='bbox 153 404 244 453; x_wconf 87' lang='lat' dir='ltr'><strong>Nil</strong></span> <span class='ocrx_word' id='word_1_14' title='bbox 276 405 405 454; x_wconf 86' lang='lat' dir='ltr'><strong>feret</strong></span> <span class='ocrx_word' id='word_1_15' title='bbox 438 403 503 453; x_wconf 83' lang='lat' dir='ltr'><strong>ad</strong></span> <span class='ocrx_word' id='word_1_16' title='bbox 535 418 699 452; x_wconf 78' lang='lat' dir='ltr'><strong>manes</strong></span> <span class='ocrx_word' id='word_1_17' title='bbox 732 402 903 452; x_wconf 84' lang='lat' dir='ltr'><strong>divitis</strong></span> <span class='ocrx_word' id='word_1_18' title='bbox 935 403 1103 452; x_wconf 76' lang='lat' dir='ltr'><strong>umbra</strong></span> <span class='ocrx_word' id='word_1_19' title='bbox 1132 417 1265 451; x_wconf 86' lang='lat' dir='ltr'><strong>snos.</strong></span> 
     </span>
    </p>

    <p class='ocr_par' dir='ltr' id='par_1_4' title="bbox 86 484 1318 635">
     <span class='ocr_line' id='line_1_5' title="bbox 86 484 1228 552; baseline -0.003 -16"><span class='ocrx_word' id='word_1_20' title='bbox 86 486 321 552; x_wconf 83' lang='lat' dir='ltr'><strong>Perpetui</strong></span> <span class='ocrx_word' id='word_1_21' title='bbox 353 485 560 535; x_wconf 81' lang='lat' dir='ltr'><strong>fructum</strong></span> <span class='ocrx_word' id='word_1_22' title='bbox 594 485 777 535; x_wconf 82' lang='lat' dir='ltr'><strong>donavi</strong></span> <span class='ocrx_word' id='word_1_23' title='bbox 809 487 1031 546; x_wconf 86' lang='lat' dir='ltr'><strong>nominis,</strong></span> <span class='ocrx_word' id='word_1_24' title='bbox 1064 484 1228 550; x_wconf 86' lang='lat' dir='ltr'><strong>idque,</strong></span> 
     </span>
     <span class='ocr_line' id='line_1_6' title="bbox 153 566 1318 635; baseline -0.002 -18"><span class='ocrx_word' id='word_1_25' title='bbox 153 567 262 627; x_wconf 79' lang='lat' dir='ltr'><strong>Quo</strong></span> <span class='ocrx_word' id='word_1_26' title='bbox 298 567 417 617; x_wconf 80' lang='lat' dir='ltr'><strong>dare</strong></span> <span class='ocrx_word' id='word_1_27' title='bbox 448 568 520 617; x_wconf 91' lang='lat' dir='ltr'><strong>nil</strong></span> <span class='ocrx_word' id='word_1_28' title='bbox 549 570 687 635; x_wconf 89' lang='lat' dir='ltr'><strong>potui</strong></span> <span class='ocrx_word' id='word_1_29' title='bbox 718 583 916 617; x_wconf 79' lang='lat' dir='ltr'><strong>munere</strong></span> <span class='ocrx_word' id='word_1_30' title='bbox 948 570 1116 628; x_wconf 85' lang='lat' dir='ltr'><strong>maius,</strong></span> <span class='ocrx_word' id='word_1_31' title='bbox 1150 566 1318 617; x_wconf 76' lang='lat' dir='ltr'><strong>habes·</strong></span> 
     </span>
    </p>
   </div>
   <div class='ocr_carea' id='block_1_4' title="bbox 53 648 1428 715">
    <p class='ocr_par' dir='ltr' id='par_1_5' title="bbox 53 648 1428 715">
     <span class='ocr_line' id='line_1_7' title="bbox 53 648 1428 715; baseline -0.001 -16"><span class='ocrx_word' id='word_1_32' title='bbox 53 700 58 704; x_wconf 79' lang='grc'><strong>,</strong></span> <span class='ocrx_word' id='word_1_33' title='bbox 88 650 241 699; x_wconf 84' lang='lat' dir='ltr'><strong>Adde</strong></span> <span class='ocrx_word' id='word_1_34' title='bbox 274 649 420 715; x_wconf 89' lang='lat' dir='ltr'><strong>quod,</strong></span> <span class='ocrx_word' id='word_1_35' title='bbox 457 655 510 698; x_wconf 87' lang='lat' dir='ltr'><strong>ut</strong></span> <span class='ocrx_word' id='word_1_36' title='bbox 539 665 697 700; x_wconf 86' lang='lat' dir='ltr'><strong>rerum</strong></span> <span class='ocrx_word' id='word_1_37' title='bbox 729 650 840 699; x_wconf 83' lang='lat' dir='ltr'><strong>sola</strong></span> <span class='ocrx_word' id='word_1_38' title='bbox 872 665 927 699; x_wconf 86' lang='lat' dir='ltr'><strong>es</strong></span> <span class='ocrx_word' id='word_1_39' title='bbox 947 651 1116 702; x_wconf 81' lang='lat' dir='ltr'><strong>=tutela</strong></span> <span class='ocrx_word' id='word_1_40' title='bbox 1147 665 1373 710; x_wconf 85' lang='lat' dir='ltr'><strong>mearum,</strong></span> <span class='ocrx_word' id='word_1_41' title='bbox 1423 648 1428 653; x_wconf 81' lang='lat'>&#39;</span> 
     </span>
    </p>
   </div>
   <div class='ocr_carea' id='block_1_5' title="bbox 1547 649 1612 698">
    <p class='ocr_par' dir='ltr' id='par_1_6' title="bbox 1547 649 1612 698">
     <span class='ocr_line' id='line_1_8' title="bbox 1547 649 1612 698; baseline 0 0"><span class='ocrx_word' id='word_1_42' title='bbox 1547 649 1612 698; x_wconf 86' lang='lat'><strong>15</strong></span> 
     </span>
    </p>
   </div>
   <div class='ocr_carea' id='block_1_6' title="bbox 84 732 1443 1048">
    <p class='ocr_par' dir='ltr' id='par_1_7' title="bbox 152 732 1211 800">
     <span class='ocr_line' id='line_1_9' title="bbox 152 732 1211 800; baseline -0.001 -18"><span class='ocrx_word' id='word_1_43' title='bbox 152 733 241 793; x_wconf 85' lang='lat' dir='ltr'><strong>Ad</strong></span> <span class='ocrx_word' id='word_1_44' title='bbox 274 738 324 782; x_wconf 89' lang='lat' dir='ltr'><strong>te</strong></span> <span class='ocrx_word' id='word_1_45' title='bbox 356 749 453 782; x_wconf 92' lang='lat' dir='ltr'><strong>non</strong></span> <span class='ocrx_word' id='word_1_46' title='bbox 482 735 624 800; x_wconf 82' lang='lat' dir='ltr'><strong>parvi</strong></span> <span class='ocrx_word' id='word_1_47' title='bbox 656 734 795 782; x_wconf 88' lang='lat' dir='ltr'><strong>venit</strong></span> <span class='ocrx_word' id='word_1_48' title='bbox 826 732 1026 782; x_wconf 86' lang='lat' dir='ltr'><strong>honoris</strong></span> <span class='ocrx_word' id='word_1_49' title='bbox 1060 749 1211 793; x_wconf 80' lang='lat' dir='ltr'><strong>onus3</strong></span> 
     </span>
    </p>

    <p class='ocr_par' dir='ltr' id='par_1_8' title="bbox 84 815 1443 966">
     <span class='ocr_line' id='line_1_10' title="bbox 84 815 1443 881; baseline 0 -17"><span class='ocrx_word' id='word_1_50' title='bbox 84 815 233 876; x_wconf 79' lang='lat' dir='ltr'><strong>Quod</strong></span> <span class='ocrx_word' id='word_1_51' title='bbox 265 832 499 881; x_wconf 76' lang='lat' dir='ltr'><strong>nunquam</strong></span> <span class='ocrx_word' id='word_1_52' title='bbox 531 832 637 866; x_wconf 83' lang='lat' dir='ltr'><strong>vox</strong></span> <span class='ocrx_word' id='word_1_53' title='bbox 668 820 746 864; x_wconf 89' lang='lat' dir='ltr'><strong>est</strong></span> <span class='ocrx_word' id='word_1_54' title='bbox 778 815 842 864; x_wconf 89' lang='lat' dir='ltr'><strong>de</strong></span> <span class='ocrx_word' id='word_1_55' title='bbox 875 821 927 864; x_wconf 89' lang='lat' dir='ltr'><strong>te</strong></span> <span class='ocrx_word' id='word_1_56' title='bbox 958 831 1065 865; x_wconf 78' lang='lat' dir='ltr'><strong>mea</strong></span> <span class='ocrx_word' id='word_1_57' title='bbox 1097 822 1241 876; x_wconf 75' lang='lat' dir='ltr'><strong>muta,</strong></span> <span class='ocrx_word' id='word_1_58' title='bbox 1277 816 1443 880; x_wconf 88' lang='lat' dir='ltr'><strong>tuique</strong></span> 
     </span>
     <span class='ocr_line' id='line_1_11' title="bbox 154 897 1083 966; baseline -0.001 -19"><span class='ocrx_word' id='word_1_59' title='bbox 154 898 356 948; x_wconf 80' lang='lat' dir='ltr'><strong>Iudiciis</strong></span> <span class='ocrx_word' id='word_1_60' title='bbox 390 897 542 948; x_wconf 89' lang='lat' dir='ltr'><strong>debes</strong></span> <span class='ocrx_word' id='word_1_61' title='bbox 577 915 689 948; x_wconf 88' lang='lat' dir='ltr'><strong>esse</strong></span> <span class='ocrx_word' id='word_1_62' title='bbox 721 898 931 966; x_wconf 83' lang='lat' dir='ltr'><strong>superba</strong></span> <span class='ocrx_word' id='word_1_63' title='bbox 970 900 1083 948; x_wconf 87' lang='lat' dir='ltr'><strong>viri.</strong></span> 
     </span>
    </p>

    <p class='ocr_par' dir='ltr' id='par_1_9' title="bbox 87 981 1374 1048">
     <span class='ocr_line' id='line_1_12' title="bbox 87 981 1374 1048; baseline -0.001 -18"><span class='ocrx_word' id='word_1_64' title='bbox 87 981 226 1040; x_wconf 75' lang='lat' dir='ltr'><strong>Quae</strong></span> <span class='ocrx_word' id='word_1_65' title='bbox 243 997 322 1030; x_wconf 66' lang='lat' dir='ltr'><strong>xne</strong></span> <span class='ocrx_word' id='word_1_66' title='bbox 355 984 462 1046; x_wconf 88' lang='lat' dir='ltr'><strong>quis</strong></span> <span class='ocrx_word' id='word_1_67' title='bbox 496 984 653 1048; x_wconf 84' lang='lat' dir='ltr'><strong>possit</strong></span> <span class='ocrx_word' id='word_1_68' title='bbox 686 983 940 1030; x_wconf 84' lang='lat' dir='ltr'><strong>temeraria</strong></span> <span class='ocrx_word' id='word_1_69' title='bbox 974 981 1157 1041; x_wconf 85' lang='lat' dir='ltr'><strong>dicere,</strong></span> <span class='ocrx_word' id='word_1_70' title='bbox 1192 985 1374 1046; x_wconf 70' lang='lat' dir='ltr'><strong>persta⁷</strong></span> 
     </span>
    </p>
   </div>
   <div class='ocr_carea' id='block_1_7' title="bbox 154 1062 1266 1130">
    <p class='ocr_par' dir='ltr' id='par_1_10' title="bbox 154 1062 1266 1130">
     <span class='ocr_line' id='line_1_13' title="bbox 154 1062 1266 1130; baseline -0.001 -18"><span class='ocrx_word' id='word_1_71' title='bbox 154 1062 222 1112; x_wconf 82' lang='lat' dir='ltr'><strong>Et</strong></span> <span class='ocrx_word' id='word_1_72' title='bbox 253 1065 436 1130; x_wconf 84' lang='lat' dir='ltr'><strong>pariter</strong></span> <span class='ocrx_word' id='word_1_73' title='bbox 468 1079 617 1113; x_wconf 83' lang='lat' dir='ltr'><strong>serva</strong></span> <span class='ocrx_word' id='word_1_74' title='bbox 650 1079 821 1130; x_wconf 87' lang='lat' dir='ltr'><strong>meque</strong></span> <span class='ocrx_word' id='word_1_75' title='bbox 853 1066 1075 1130; x_wconf 87' lang='lat' dir='ltr'><strong>piamque</strong></span> <span class='ocrx_word' id='word_1_76' title='bbox 1109 1063 1266 1112; x_wconf 88' lang='lat' dir='ltr'><strong>fidem.</strong></span> 
     </span>
    </p>
   </div>
   <div class='ocr_carea' id='block_1_8' title="bbox 84 1213 817 1528">
    <p class='ocr_par' dir='ltr' id='par_1_11' title="bbox 84 1213 817 1528">
     <span class='ocr_line' id='line_1_14' title="bbox 89 1213 815 1257; baseline 0.003 -12"><span class='ocrx_word' id='word_1_77' title='bbox 89 1214 228 1246; x_wconf 68' lang='lat' dir='ltr'><strong>mediae</strong></span> <span class='ocrx_word' id='word_1_78' title='bbox 250 1213 355 1246; x_wconf 79' lang='lat' dir='ltr'><strong>vocis</strong></span> <span class='ocrx_word' id='word_1_79' title='bbox 375 1213 413 1245; x_wconf 90' lang='lat' dir='ltr'><strong>in</strong></span> <span class='ocrx_word' id='word_1_80' title='bbox 435 1213 521 1245; x_wconf 78' lang='lat' dir='ltr'><strong>arsi.</strong></span> <span class='ocrx_word' id='word_1_81' title='bbox 549 1214 633 1245; x_wconf 87' lang='lat' dir='ltr'><strong>Vid.</strong></span> <span class='ocrx_word' id='word_1_82' title='bbox 646 1216 734 1247; x_wconf 79' lang='lat' dir='ltr'><strong>Met.</strong></span> <span class='ocrx_word' id='word_1_83' title='bbox 746 1216 815 1257; x_wconf 87' lang='lat' dir='ltr'><strong>VI,</strong></span> 
     </span>
     <span class='ocr_line' id='line_1_15' title="bbox 89 1268 816 1317; baseline 0.003 -16"><span class='ocrx_word' id='word_1_84' title='bbox 89 1269 145 1301; x_wconf 85' lang='grc'><strong>33.</strong></span> <span class='ocrx_word' id='word_1_85' title='bbox 169 1269 242 1300; x_wconf 85' lang='grc'><strong>135.</strong></span> <span class='ocrx_word' id='word_1_86' title='bbox 270 1269 347 1301; x_wconf 77' lang='grc'><strong>633.</strong></span> <span class='ocrx_word' id='word_1_87' title='bbox 375 1268 466 1311; x_wconf 67' lang='grc'><strong>640,</strong></span> <span class='ocrx_word' id='word_1_88' title='bbox 497 1270 604 1311; x_wconf 87' lang='lat' dir='ltr'>VIII,</span> <span class='ocrx_word' id='word_1_89' title='bbox 626 1269 702 1317; x_wconf 70' lang='grc'><strong>441.</strong></span> <span class='ocrx_word' id='word_1_90' title='bbox 724 1271 816 1313; x_wconf 74' lang='grc'><strong>442.,</strong></span> 
     </span>
     <span class='ocr_line' id='line_1_16' title="bbox 84 1323 817 1368; baseline 0.001 -12"><span class='ocrx_word' id='word_1_91' title='bbox 84 1324 173 1364; x_wconf 79' lang='lat' dir='ltr'><strong>XV,</strong></span> <span class='ocrx_word' id='word_1_92' title='bbox 196 1323 271 1356; x_wconf 90' lang='grc'><strong>150.</strong></span> <span class='ocrx_word' id='word_1_93' title='bbox 295 1323 385 1366; x_wconf 88' lang='grc'><strong>151.,</strong></span> <span class='ocrx_word' id='word_1_94' title='bbox 406 1325 510 1366; x_wconf 82' lang='lat' dir='ltr'><strong>virg.</strong></span> <span class='ocrx_word' id='word_1_95' title='bbox 532 1325 611 1357; x_wconf 84' lang='lat' dir='ltr'><strong>Ecl.</strong></span> <span class='ocrx_word' id='word_1_96' title='bbox 628 1323 817 1368; x_wconf 74' lang='lat' dir='ltr'><strong>vm,!80.‚</strong></span> 
     </span>
     <span class='ocr_line' id='line_1_17' title="bbox 89 1379 817 1425; baseline 0.004 -15"><span class='ocrx_word' id='word_1_97' title='bbox 89 1379 180 1410; x_wconf 80' lang='lat' dir='ltr'><strong>Aen.</strong></span> <span class='ocrx_word' id='word_1_98' title='bbox 201 1379 263 1425; x_wconf 67' lang='lat' dir='ltr'><strong>X,</strong></span> <span class='ocrx_word' id='word_1_99' title='bbox 287 1379 363 1411; x_wconf 85' lang='grc'><strong>554.</strong></span> <span class='ocrx_word' id='word_1_100' title='bbox 394 1382 431 1411; x_wconf 93' lang='lat' dir='ltr'><strong>et</strong></span> <span class='ocrx_word' id='word_1_101' title='bbox 458 1381 575 1420; x_wconf 80' lang='lat' dir='ltr'><strong>Reyn.</strong></span> <span class='ocrx_word' id='word_1_102' title='bbox 599 1383 636 1412; x_wconf 87' lang='lat' dir='ltr'><strong>et</strong></span> <span class='ocrx_word' id='word_1_103' title='bbox 658 1382 817 1413; x_wconf 81' lang='lat' dir='ltr'><strong>Huschk.</strong></span> 
     </span>
     <span class='ocr_line' id='line_1_18' title="bbox 88 1433 817 1476; baseline 0.003 -10"><span class='ocrx_word' id='word_1_104' title='bbox 88 1435 136 1466; x_wconf 76' lang='lat' dir='ltr'><strong>ad</strong></span> <span class='ocrx_word' id='word_1_105' title='bbox 164 1433 295 1466; x_wconf 75' lang='lat' dir='ltr'><strong>Tibull.</strong></span> <span class='ocrx_word' id='word_1_106' title='bbox 321 1435 353 1475; x_wconf 92' lang='lat'><strong>1,</strong></span> <span class='ocrx_word' id='word_1_107' title='bbox 382 1434 420 1476; x_wconf 77' lang='grc'><strong>3,</strong></span> <span class='ocrx_word' id='word_1_108' title='bbox 446 1435 501 1467; x_wconf 74' lang='grc'><strong>23.</strong></span> <span class='ocrx_word' id='word_1_109' title='bbox 525 1438 562 1467; x_wconf 83' lang='lat' dir='ltr'><strong>et</strong></span> <span class='ocrx_word' id='word_1_110' title='bbox 583 1436 746 1468; x_wconf 80' lang='lat' dir='ltr'><strong>I’assow.</strong></span> <span class='ocrx_word' id='word_1_111' title='bbox 770 1437 817 1468; x_wconf 79' lang='lat' dir='ltr'><strong>ad</strong></span> 
     </span>
     <span class='ocr_line' id='line_1_19' title="bbox 88 1482 344 1528; baseline 0.004 -9"><span class='ocrx_word' id='word_1_112' title='bbox 88 1488 190 1520; x_wconf 75' lang='lat' dir='ltr'><strong>Pers.</strong></span> <span class='ocrx_word' id='word_1_113' title='bbox 210 1482 246 1528; x_wconf 73' lang='lat' dir='ltr'><strong>p.</strong></span> <span class='ocrx_word' id='word_1_114' title='bbox 269 1488 344 1520; x_wconf 82' lang='grc'><strong>313.</strong></span> 
     </span>
    </p>
   </div>
   <div class='ocr_carea' id='block_1_9' title="bbox 88 1562 817 1707">
    <p class='ocr_par' dir='ltr' id='par_1_12' title="bbox 88 1562 817 1707">
     <span class='ocr_line' id='line_1_20' title="bbox 133 1562 816 1605; baseline 0.004 -8"><span class='ocrx_word' id='word_1_115' title='bbox 133 1564 188 1597; x_wconf 91' lang='grc'><strong>11.</strong></span> <span class='ocrx_word' id='word_1_116' title='bbox 221 1563 309 1597; x_wconf 79' lang='lat' dir='ltr'><strong>Non</strong></span> <span class='ocrx_word' id='word_1_117' title='bbox 333 1570 399 1605; x_wconf 67' lang='lat' dir='ltr'><strong>eqo</strong></span> <span class='ocrx_word' id='word_1_118' title='bbox 422 1562 579 1596; x_wconf 76' lang='lat' dir='ltr'><strong>divitias</strong></span> <span class='ocrx_word' id='word_1_119' title='bbox 596 1566 732 1599; x_wconf 78' lang='lat' dir='ltr'><strong>dando.</strong></span> <span class='ocrx_word' id='word_1_120' title='bbox 777 1569 816 1600; x_wconf 89' lang='lat'><strong>1-</strong></span> 
     </span>
     <span class='ocr_line' id='line_1_21' title="bbox 90 1619 817 1663; baseline 0.006 -12"><span class='ocrx_word' id='word_1_121' title='bbox 90 1619 171 1651; x_wconf 82' lang='lat' dir='ltr'><strong>dem</strong></span> <span class='ocrx_word' id='word_1_122' title='bbox 203 1627 332 1652; x_wconf 86' lang='lat' dir='ltr'><strong>versus</strong></span> <span class='ocrx_word' id='word_1_123' title='bbox 363 1622 423 1652; x_wconf 84' lang='lat' dir='ltr'><strong>est</strong></span> <span class='ocrx_word' id='word_1_124' title='bbox 442 1620 548 1652; x_wconf 84' lang='lat' dir='ltr'><strong>Pont.</strong></span> <span class='ocrx_word' id='word_1_125' title='bbox 577 1622 627 1662; x_wconf 92' lang='lat' dir='ltr'><strong>II,</strong></span> <span class='ocrx_word' id='word_1_126' title='bbox 654 1623 691 1663; x_wconf 83' lang='lat'><strong>8,</strong></span> <span class='ocrx_word' id='word_1_127' title='bbox 719 1623 751 1655; x_wconf 93' lang='grc'><strong>7.</strong></span> <span class='ocrx_word' id='word_1_128' title='bbox 772 1639 817 1646; x_wconf 90' lang='lat'><strong>-</strong></span> 
     </span>
     <span class='ocr_line' id='line_1_22' title="bbox 88 1673 551 1707; baseline 0 0"><span class='ocrx_word' id='word_1_129' title='bbox 88 1674 197 1707; x_wconf 73' lang='lat' dir='ltr'><strong>Goth.</strong></span> <span class='ocrx_word' id='word_1_130' title='bbox 220 1673 295 1706; x_wconf 68' lang='lat' dir='ltr'><strong>div.</strong></span> <span class='ocrx_word' id='word_1_131' title='bbox 319 1673 388 1707; x_wconf 73' lang='lat' dir='ltr'><strong>tibi</strong></span> <span class='ocrx_word' id='word_1_132' title='bbox 412 1674 551 1707; x_wconf 79' lang='lat' dir='ltr'><strong>danao.</strong></span> 
     </span>
    </p>
   </div>
   <div class='ocr_carea' id='block_1_10' title="bbox 87 1750 819 1915">
    <p class='ocr_par' dir='ltr' id='par_1_13' title="bbox 87 1750 819 1915">
     <span class='ocr_line' id='line_1_23' title="bbox 133 1750 817 1793; baseline 0 -10"><span class='ocrx_word' id='word_1_133' title='bbox 133 1750 187 1783; x_wconf 73' lang='grc'><strong>12.</strong></span> <span class='ocrx_word' id='word_1_134' title='bbox 222 1750 292 1783; x_wconf 72' lang='lat' dir='ltr'><strong>Nil</strong></span> <span class='ocrx_word' id='word_1_135' title='bbox 306 1750 411 1793; x_wconf 73' lang='lat' dir='ltr'><strong>feret</strong></span> <span class='ocrx_word' id='word_1_136' title='bbox 427 1751 479 1783; x_wconf 78' lang='lat' dir='ltr'><strong>ad</strong></span> <span class='ocrx_word' id='word_1_137' title='bbox 492 1758 631 1783; x_wconf 74' lang='lat' dir='ltr'><strong>manes.</strong></span> <span class='ocrx_word' id='word_1_138' title='bbox 654 1751 817 1793; x_wconf 86' lang='lat' dir='ltr'><strong>Vid.111,</strong></span> 
     </span>
     <span class='ocr_line' id='line_1_24' title="bbox 87 1805 694 1848; baseline 0.002 -10"><span class='ocrx_word' id='word_1_139' title='bbox 87 1806 126 1848; x_wconf 83' lang='lat'><strong>8,</strong></span> <span class='ocrx_word' id='word_1_140' title='bbox 146 1805 202 1838; x_wconf 77' lang='lat'><strong>4⁰.</strong></span> <span class='ocrx_word' id='word_1_141' title='bbox 222 1814 321 1847; x_wconf 80' lang='lat' dir='ltr'><strong>seqq.</strong></span> <span class='ocrx_word' id='word_1_142' title='bbox 363 1807 488 1848; x_wconf 83' lang='lat' dir='ltr'><strong>Prop.:</strong></span> <span class='ocrx_word' id='word_1_143' title='bbox 691 1823 694 1826; x_wconf 76' lang='lat'><em>,</em></span> 
     </span>
     <span class='ocr_line' id='line_1_25' title="bbox 152 1878 819 1915; baseline 0.001 -8"><span class='ocrx_word' id='word_1_144' title='bbox 152 1878 242 1908; x_wconf 76' lang='lat' dir='ltr'><strong>Hand</strong></span> <span class='ocrx_word' id='word_1_145' title='bbox 264 1880 343 1908; x_wconf 73' lang='lat' dir='ltr'><strong>unns</strong></span> <span class='ocrx_word' id='word_1_146' title='bbox 369 1879 505 1915; x_wconf 73' lang='lat' dir='ltr'><strong>portabis</strong></span> <span class='ocrx_word' id='word_1_147' title='bbox 531 1887 604 1915; x_wconf 82' lang='lat' dir='ltr'><strong>opes</strong></span> <span class='ocrx_word' id='word_1_148' title='bbox 635 1880 819 1908; x_wconf 78' lang='lat' dir='ltr'><strong>Acherontis</strong></span> 
     </span>
    </p>
   </div>
   <div class='ocr_carea' id='block_1_11' title="bbox 202 1925 819 2001">
    <p class='ocr_par' dir='ltr' id='par_1_14' title="bbox 202 1925 819 2001">
     <span class='ocr_line' id='line_1_26' title="bbox 483 1925 655 1959; baseline -0.006 -6"><span class='ocrx_word' id='word_1_149' title='bbox 483 1926 522 1953; x_wconf 88' lang='lat' dir='ltr'><strong>ad</strong></span> <span class='ocrx_word' id='word_1_150' title='bbox 539 1925 655 1959; x_wconf 86' lang='lat' dir='ltr'><strong>undas;</strong></span> 
     </span>
     <span class='ocr_line' id='line_1_27' title="bbox 202 1967 819 2001; baseline 0.008 -5"><span class='ocrx_word' id='word_1_151' title='bbox 202 1967 308 1996; x_wconf 67' lang='lat' dir='ltr'><strong>End-⁸</strong></span> <span class='ocrx_word' id='word_1_152' title='bbox 319 1968 358 1996; x_wconf 70' lang='lat' dir='ltr'><strong>ab</strong></span> <span class='ocrx_word' id='word_1_153' title='bbox 373 1967 495 1997; x_wconf 76' lang='lat' dir='ltr'><strong>inferna</strong></span> <span class='ocrx_word' id='word_1_154' title='bbox 509 1971 602 1998; x_wconf 76' lang='lat' dir='ltr'><strong>stulte</strong></span> <span class='ocrx_word' id='word_1_155' title='bbox 616 1972 729 2000; x_wconf 79' lang='lat' dir='ltr'><strong>vehere</strong></span> <span class='ocrx_word' id='word_1_156' title='bbox 742 1975 819 2001; x_wconf 75' lang='lat' dir='ltr'><strong>rate.</strong></span> 
     </span>
    </p>
   </div>
   <div class='ocr_carea' id='block_1_12' title="bbox 88 2038 820 2632">
    <p class='ocr_par' dir='ltr' id='par_1_15' title="bbox 88 2038 820 2632">
     <span class='ocr_line' id='line_1_28' title="bbox 88 2038 820 2083; baseline 0.004 -13"><span class='ocrx_word' id='word_1_157' title='bbox 88 2038 193 2080; x_wconf 65' lang='lat' dir='ltr'><strong>Beg„</strong></span> <span class='ocrx_word' id='word_1_158' title='bbox 215 2038 310 2078; x_wconf 59' lang='lat' dir='ltr'><strong>Fut„</strong></span> <span class='ocrx_word' id='word_1_159' title='bbox 330 2038 420 2070; x_wconf 82' lang='lat' dir='ltr'><strong>vett.</strong></span> <span class='ocrx_word' id='word_1_160' title='bbox 443 2039 538 2080; x_wconf 66' lang='lat' dir='ltr'><strong>edd„</strong></span> <span class='ocrx_word' id='word_1_161' title='bbox 561 2040 638 2072; x_wconf 79' lang='lat' dir='ltr'><strong>Pal.</strong></span> <span class='ocrx_word' id='word_1_162' title='bbox 662 2039 693 2072; x_wconf 90' lang='lat'><strong>1.</strong></span> <span class='ocrx_word' id='word_1_163' title='bbox 711 2043 749 2073; x_wconf 87' lang='lat' dir='ltr'><strong>et</strong></span> <span class='ocrx_word' id='word_1_164' title='bbox 771 2042 820 2083; x_wconf 80' lang='grc'><strong>2.,</strong></span> 
     </span>
     <span class='ocr_line' id='line_1_29' title="bbox 89 2092 819 2138; baseline 0.003 -12"><span class='ocrx_word' id='word_1_165' title='bbox 89 2093 234 2126; x_wconf 78' lang='lat' dir='ltr'><strong>Plrckh.</strong></span> <span class='ocrx_word' id='word_1_166' title='bbox 263 2094 301 2125; x_wconf 84' lang='lat' dir='ltr'><strong>et</strong></span> <span class='ocrx_word' id='word_1_167' title='bbox 328 2093 414 2135; x_wconf 73' lang='lat' dir='ltr'><strong>seg.</strong></span> <span class='ocrx_word' id='word_1_168' title='bbox 443 2092 688 2128; x_wconf 74' lang='lat' dir='ltr'><strong>divitis—nil</strong></span> <span class='ocrx_word' id='word_1_169' title='bbox 705 2096 819 2138; x_wconf 77' lang='lat' dir='ltr'><strong>feret.</strong></span> 
     </span>
     <span class='ocr_line' id='line_1_30' title="bbox 90 2148 819 2193; baseline 0.005 -14"><span class='ocrx_word' id='word_1_170' title='bbox 90 2148 258 2180; x_wconf 73' lang='lat' dir='ltr'><strong>Heinsius</strong></span> <span class='ocrx_word' id='word_1_171' title='bbox 287 2151 325 2180; x_wconf 89' lang='lat' dir='ltr'><strong>et</strong></span> <span class='ocrx_word' id='word_1_172' title='bbox 353 2149 415 2181; x_wconf 77' lang='lat' dir='ltr'><strong>alii</strong></span> <span class='ocrx_word' id='word_1_173' title='bbox 437 2149 508 2181; x_wconf 84' lang='lat' dir='ltr'><strong>hoc</strong></span> <span class='ocrx_word' id='word_1_174' title='bbox 531 2149 708 2182; x_wconf 80' lang='lat' dir='ltr'><strong>distichon</strong></span> <span class='ocrx_word' id='word_1_175' title='bbox 730 2160 819 2193; x_wconf 86' lang='lat' dir='ltr'><strong>sup-</strong></span> 
     </span>
     <span class='ocr_line' id='line_1_31' title="bbox 89 2202 819 2248; baseline 0.008 -15"><span class='ocrx_word' id='word_1_176' title='bbox 89 2202 285 2244; x_wconf 76' lang='lat' dir='ltr'><strong>posititium</strong></span> <span class='ocrx_word' id='word_1_177' title='bbox 313 2202 529 2237; x_wconf 80' lang='lat' dir='ltr'><strong>iudicarunt.</strong></span> <span class='ocrx_word' id='word_1_178' title='bbox 590 2205 685 2248; x_wconf 87' lang='lat' dir='ltr'><strong>Cur,</strong></span> <span class='ocrx_word' id='word_1_179' title='bbox 713 2214 819 2239; x_wconf 88' lang='lat' dir='ltr'><strong>nemo</strong></span> 
     </span>
     <span class='ocr_line' id='line_1_32' title="bbox 90 2258 820 2302; baseline 0.005 -12"><span class='ocrx_word' id='word_1_180' title='bbox 90 2259 203 2291; x_wconf 77' lang='lat' dir='ltr'><strong>facile</strong></span> <span class='ocrx_word' id='word_1_181' title='bbox 231 2258 421 2291; x_wconf 74' lang='lat' dir='ltr'><strong>divinabit:</strong></span> <span class='ocrx_word' id='word_1_182' title='bbox 459 2268 541 2292; x_wconf 84' lang='lat' dir='ltr'><strong>nam</strong></span> <span class='ocrx_word' id='word_1_183' title='bbox 578 2263 672 2301; x_wconf 89' lang='lat' dir='ltr'><strong>quod</strong></span> <span class='ocrx_word' id='word_1_184' title='bbox 699 2262 820 2302; x_wconf 78' lang='lat' dir='ltr'><strong>plura</strong></span> 
     </span>
     <span class='ocr_line' id='line_1_33' title="bbox 91 2305 819 2356; baseline 0.005 -12"><span class='ocrx_word' id='word_1_185' title='bbox 91 2313 198 2355; x_wconf 83' lang='lat' dir='ltr'><strong>dixit,</strong></span> <span class='ocrx_word' id='word_1_186' title='bbox 226 2312 286 2344; x_wconf 85' lang='lat' dir='ltr'><strong>nbi</strong></span> <span class='ocrx_word' id='word_1_187' title='bbox 316 2314 424 2346; x_wconf 81' lang='lat' dir='ltr'><strong>etiam</strong></span> <span class='ocrx_word' id='word_1_188' title='bbox 451 2315 541 2356; x_wconf 78' lang='lat' dir='ltr'><strong>plus</strong></span> <span class='ocrx_word' id='word_1_189' title='bbox 561 2305 689 2347; x_wconf 77' lang='lat' dir='ltr'><strong>‘dicere</strong></span> <span class='ocrx_word' id='word_1_190' title='bbox 711 2318 819 2356; x_wconf 85' lang='lat' dir='ltr'><strong>pote-</strong></span> 
     </span>
     <span class='ocr_line' id='line_1_34' title="bbox 91 2367 819 2409; baseline 0.005 -10"><span class='ocrx_word' id='word_1_191' title='bbox 91 2370 168 2409; x_wconf 73' lang='lat' dir='ltr'><strong>rat,</strong></span> <span class='ocrx_word' id='word_1_192' title='bbox 190 2367 311 2399; x_wconf 82' lang='lat' dir='ltr'><strong>multis</strong></span> <span class='ocrx_word' id='word_1_193' title='bbox 341 2375 388 2400; x_wconf 83' lang='lat' dir='ltr'><strong>ex</strong></span> <span class='ocrx_word' id='word_1_194' title='bbox 417 2370 495 2409; x_wconf 80' lang='lat' dir='ltr'><strong>ipso</strong></span> <span class='ocrx_word' id='word_1_195' title='bbox 523 2371 670 2403; x_wconf 63' lang='lat' dir='ltr'><strong>Nasone</strong></span> <span class='ocrx_word' id='word_1_196' title='bbox 695 2379 819 2403; x_wconf 81' lang='lat' dir='ltr'><strong>exem-</strong></span> 
     </span>
     <span class='ocr_line' id='line_1_35' title="bbox 91 2423 817 2466; baseline 0.003 -12"><span class='ocrx_word' id='word_1_197' title='bbox 91 2423 164 2464; x_wconf 81' lang='lat' dir='ltr'><strong>plis</strong></span> <span class='ocrx_word' id='word_1_198' title='bbox 185 2425 307 2463; x_wconf 78' lang='lat' dir='ltr'><strong>potest</strong></span> <span class='ocrx_word' id='word_1_199' title='bbox 329 2424 494 2465; x_wconf 84' lang='lat' dir='ltr'><strong>probari,</strong></span> <span class='ocrx_word' id='word_1_200' title='bbox 515 2427 553 2457; x_wconf 86' lang='lat' dir='ltr'><strong>et</strong></span> <span class='ocrx_word' id='word_1_201' title='bbox 572 2427 666 2466; x_wconf 86' lang='lat' dir='ltr'><strong>quod</strong></span> <span class='ocrx_word' id='word_1_202' title='bbox 689 2426 734 2456; x_wconf 78' lang='lat' dir='ltr'><strong>ad</strong></span> <span class='ocrx_word' id='word_1_203' title='bbox 756 2425 817 2456; x_wconf 90' lang='lat' dir='ltr'><strong>lo-</strong></span> 
     </span>
     <span class='ocr_line' id='line_1_36' title="bbox 92 2479 818 2520; baseline -0.003 -8"><span class='ocrx_word' id='word_1_204' title='bbox 92 2479 273 2512; x_wconf 80' lang='lat' dir='ltr'><strong>cntionem</strong></span> <span class='ocrx_word' id='word_1_205' title='bbox 296 2479 431 2510; x_wconf 77' lang='lat' dir='ltr'><strong>umbra</strong></span> <span class='ocrx_word' id='word_1_206' title='bbox 448 2480 500 2511; x_wconf 84' lang='lat' dir='ltr'><strong>ad</strong></span> <span class='ocrx_word' id='word_1_207' title='bbox 517 2488 645 2511; x_wconf 81' lang='lat' dir='ltr'><strong>manes</strong></span> <span class='ocrx_word' id='word_1_208' title='bbox 658 2487 744 2511; x_wconf 74' lang='lat' dir='ltr'><strong>suos</strong></span> <span class='ocrx_word' id='word_1_209' title='bbox 755 2479 818 2520; x_wconf 79' lang='lat' dir='ltr'><strong>fe-</strong></span> 
     </span>
     <span class='ocr_line' id='line_1_37' title="bbox 90 2533 818 2575; baseline 0.004 -10"><span class='ocrx_word' id='word_1_210' title='bbox 90 2534 169 2574; x_wconf 81' lang='lat' dir='ltr'><strong>ret,</strong></span> <span class='ocrx_word' id='word_1_211' title='bbox 198 2533 323 2574; x_wconf 79' lang='lat' dir='ltr'><strong>pauno</strong></span> <span class='ocrx_word' id='word_1_212' title='bbox 357 2535 495 2575; x_wconf 87' lang='lat' dir='ltr'><strong>quidem</strong></span> <span class='ocrx_word' id='word_1_213' title='bbox 525 2535 738 2568; x_wconf 87' lang='lat' dir='ltr'><strong>insolentius</strong></span> <span class='ocrx_word' id='word_1_214' title='bbox 761 2536 818 2567; x_wconf 88' lang='lat' dir='ltr'><strong>di-</strong></span> 
     </span>
     <span class='ocr_line' id='line_1_38' title="bbox 91 2590 818 2632; baseline 0.001 -12"><span class='ocrx_word' id='word_1_215' title='bbox 91 2591 188 2621; x_wconf 83' lang='lat' dir='ltr'><strong>ctum</strong></span> <span class='ocrx_word' id='word_1_216' title='bbox 219 2591 289 2630; x_wconf 87' lang='lat' dir='ltr'><strong>est,</strong></span> <span class='ocrx_word' id='word_1_217' title='bbox 318 2590 381 2620; x_wconf 90' lang='lat' dir='ltr'><strong>sed</strong></span> <span class='ocrx_word' id='word_1_218' title='bbox 411 2598 457 2621; x_wconf 79' lang='lat' dir='ltr'><strong>ea</strong></span> <span class='ocrx_word' id='word_1_219' title='bbox 481 2592 538 2632; x_wconf 69' lang='lat' dir='ltr'><strong>est</strong></span> <span class='ocrx_word' id='word_1_220' title='bbox 560 2592 662 2623; x_wconf 87' lang='lat' dir='ltr'><strong>vocis</strong></span> <span class='ocrx_word' id='word_1_221' title='bbox 690 2599 818 2622; x_wconf 77' lang='lat' dir='ltr'><strong>manes</strong></span> 
     </span>
    </p>
   </div>
   <div class='ocr_carea' id='block_1_13' title="bbox 16 2644 819 2684">
    <p class='ocr_par' dir='ltr' id='par_1_16' title="bbox 16 2644 819 2684">
     <span class='ocr_line' id='line_1_39' title="bbox 16 2644 819 2684; baseline 0.004 -10"><span class='ocrx_word' id='word_1_222' title='bbox 16 2645 19 2655; x_wconf 79' lang='lat'><em>&#39;</em></span> <span class='ocrx_word' id='word_1_223' title='bbox 91 2645 270 2684; x_wconf 79' lang='lat' dir='ltr'><strong>potestas,</strong></span> <span class='ocrx_word' id='word_1_224' title='bbox 309 2646 347 2675; x_wconf 89' lang='lat' dir='ltr'><strong>ut</strong></span> <span class='ocrx_word' id='word_1_225' title='bbox 375 2644 476 2676; x_wconf 87' lang='lat' dir='ltr'><strong>iuxta</strong></span> <span class='ocrx_word' id='word_1_226' title='bbox 504 2646 653 2677; x_wconf 82' lang='lat' dir='ltr'><strong>verbum</strong></span> <span class='ocrx_word' id='word_1_227' title='bbox 683 2645 819 2677; x_wconf 80' lang='lat' dir='ltr'><strong>umbra</strong></span> 
     </span>
    </p>
   </div>
   <div class='ocr_carea' id='block_1_14' title="bbox 91 2699 816 2795">
    <p class='ocr_par' dir='ltr' id='par_1_17' title="bbox 91 2699 816 2795">
     <span class='ocr_line' id='line_1_40' title="bbox 93 2699 816 2744; baseline 0.007 -15"><span class='ocrx_word' id='word_1_228' title='bbox 93 2706 168 2744; x_wconf 73' lang='lat' dir='ltr'><strong>pro·</strong></span> <span class='ocrx_word' id='word_1_229' title='bbox 196 2699 323 2731; x_wconf 79' lang='lat' dir='ltr'><strong>inferis</strong></span> <span class='ocrx_word' id='word_1_230' title='bbox 357 2703 527 2732; x_wconf 80' lang='lat' dir='ltr'><strong>constare</strong></span> <span class='ocrx_word' id='word_1_231' title='bbox 554 2701 679 2742; x_wconf 83' lang='lat' dir='ltr'><strong>possit.</strong></span> <span class='ocrx_word' id='word_1_232' title='bbox 733 2702 816 2734; x_wconf 87' lang='lat' dir='ltr'><strong>Vid.</strong></span> 
     </span>
     <span class='ocr_line' id='line_1_41' title="bbox 91 2754 366 2795; baseline -0.004 -9"><span class='ocrx_word' id='word_1_233' title='bbox 91 2755 178 2786; x_wconf 74' lang='lat' dir='ltr'><strong>Met.</strong></span> <span class='ocrx_word' id='word_1_234' title='bbox 199 2755 265 2795; x_wconf 82' lang='lat' dir='ltr'><strong>IX,</strong></span> <span class='ocrx_word' id='word_1_235' title='bbox 291 2754 366 2786; x_wconf 80' lang='grc'><strong>406.</strong></span> 
     </span>
    </p>
   </div>
   <div class='ocr_carea' id='block_1_15' title="bbox 91 2819 817 2918">
    <p class='ocr_par' dir='ltr' id='par_1_18' title="bbox 91 2819 817 2918">
     <span class='ocr_line' id='line_1_42' title="bbox 137 2819 817 2863; baseline 0.003 -11"><span class='ocrx_word' id='word_1_236' title='bbox 137 2820 188 2852; x_wconf 89' lang='grc'><strong>14.</strong></span> <span class='ocrx_word' id='word_1_237' title='bbox 213 2819 522 2861; x_wconf 73' lang='lat' dir='ltr'><strong>quue—habes.-</strong></span> <span class='ocrx_word' id='word_1_238' title='bbox 547 2822 611 2861; x_wconf 78' lang='lat' dir='ltr'><strong>„et</strong></span> <span class='ocrx_word' id='word_1_239' title='bbox 632 2821 672 2853; x_wconf 72' lang='lat' dir='ltr'><strong>id</strong></span> <span class='ocrx_word' id='word_1_240' title='bbox 695 2822 817 2863; x_wconf 70' lang='lat' dir='ltr'><strong>habes,</strong></span> 
     </span>
     <span class='ocr_line' id='line_1_43' title="bbox 91 2874 816 2918; baseline 0.003 -11"><span class='ocrx_word' id='word_1_241' title='bbox 91 2883 163 2916; x_wconf 72' lang='lat' dir='ltr'><strong>quo</strong></span> <span class='ocrx_word' id='word_1_242' title='bbox 177 2875 319 2908; x_wconf 74' lang='lat' dir='ltr'><strong>maius.</strong></span> <span class='ocrx_word' id='word_1_243' title='bbox 333 2899 341 2908; x_wconf 88' lang='lat'><strong><em>.</em></strong></span> <span class='ocrx_word' id='word_1_244' title='bbox 356 2874 394 2907; x_wconf 92' lang='lat'><strong>.“</strong></span> <span class='ocrx_word' id='word_1_245' title='bbox 419 2893 460 2898; x_wconf 87' lang='lat'>—</span> <span class='ocrx_word' id='word_1_246' title='bbox 484 2879 593 2918; x_wconf 70' lang='lat' dir='ltr'><strong>Mon,</strong></span> <span class='ocrx_word' id='word_1_247' title='bbox 617 2878 728 2918; x_wconf 69' lang='lat' dir='ltr'><strong>Busl„</strong></span> <span class='ocrx_word' id='word_1_248' title='bbox 741 2879 816 2909; x_wconf 83' lang='lat' dir='ltr'><strong>Iun.</strong></span> 
     </span>
    </p>
   </div>
   <div class='ocr_carea' id='block_1_16' title="bbox 1547 1063 1614 1112">
    <p class='ocr_par' dir='ltr' id='par_1_19' title="bbox 1547 1063 1614 1112">
     <span class='ocr_line' id='line_1_44' title="bbox 1547 1063 1614 1112; baseline 0.015 -1"><span class='ocrx_word' id='word_1_249' title='bbox 1547 1063 1614 1112; x_wconf 81' lang='lat'><strong>20</strong></span> 
     </span>
    </p>
   </div>
   <div class='ocr_carea' id='block_1_17' title="bbox 881 1210 1617 1477">
    <p class='ocr_par' dir='ltr' id='par_1_20' title="bbox 881 1210 1617 1477">
     <span class='ocr_line' id='line_1_45' title="bbox 881 1210 1615 1256; baseline -0.004 -10"><span class='ocrx_word' id='word_1_250' title='bbox 881 1217 918 1247; x_wconf 85' lang='lat' dir='ltr'><strong>et</strong></span> <span class='ocrx_word' id='word_1_251' title='bbox 940 1215 995 1246; x_wconf 90' lang='lat' dir='ltr'><strong>ed.</strong></span> <span class='ocrx_word' id='word_1_252' title='bbox 1012 1223 1067 1256; x_wconf 79' lang='lat' dir='ltr'><strong>pr.</strong></span> <span class='ocrx_word' id='word_1_253' title='bbox 1086 1213 1207 1247; x_wconf 79' lang='lat' dir='ltr'><strong>Heins.</strong></span> <span class='ocrx_word' id='word_1_254' title='bbox 1229 1221 1305 1245; x_wconf 85' lang='lat' dir='ltr'><strong>non</strong></span> <span class='ocrx_word' id='word_1_255' title='bbox 1322 1210 1441 1254; x_wconf 69' lang='lat' dir='ltr'><strong>potui.</strong></span> <span class='ocrx_word' id='word_1_256' title='bbox 1477 1213 1615 1255; x_wconf 65' lang='lat' dir='ltr'><strong>Bet-ol„</strong></span> 
     </span>
     <span class='ocr_line' id='line_1_46' title="bbox 882 1267 1613 1311; baseline -0.004 -9"><span class='ocrx_word' id='word_1_257' title='bbox 882 1270 1080 1311; x_wconf 48' lang='lat' dir='ltr'><strong>Gothspro</strong></span> <span class='ocrx_word' id='word_1_258' title='bbox 1102 1279 1138 1302; x_wconf 84' lang='lat' dir='ltr'><strong>v.</strong></span> <span class='ocrx_word' id='word_1_259' title='bbox 1160 1277 1234 1301; x_wconf 85' lang='lat' dir='ltr'><strong>scr.</strong></span> <span class='ocrx_word' id='word_1_260' title='bbox 1253 1270 1291 1300; x_wconf 90' lang='lat' dir='ltr'><strong>et</strong></span> <span class='ocrx_word' id='word_1_261' title='bbox 1307 1270 1345 1301; x_wconf 91' lang='lat' dir='ltr'><strong>II</strong></span> <span class='ocrx_word' id='word_1_262' title='bbox 1368 1268 1489 1300; x_wconf 80' lang='lat' dir='ltr'><strong>Heius.</strong></span> <span class='ocrx_word' id='word_1_263' title='bbox 1510 1267 1613 1300; x_wconf 68' lang='lat' dir='ltr'><strong>habe.</strong></span> 
     </span>
     <span class='ocr_line' id='line_1_47' title="bbox 881 1321 1617 1366; baseline -0.003 -9"><span class='ocrx_word' id='word_1_264' title='bbox 881 1326 962 1357; x_wconf 83' lang='lat' dir='ltr'><strong>Put.</strong></span> <span class='ocrx_word' id='word_1_265' title='bbox 990 1325 1090 1366; x_wconf 80' lang='lat' dir='ltr'><strong>quod</strong></span> <span class='ocrx_word' id='word_1_266' title='bbox 1121 1325 1219 1357; x_wconf 80' lang='lat' dir='ltr'><strong>dare</strong></span> <span class='ocrx_word' id='word_1_267' title='bbox 1248 1332 1323 1355; x_wconf 81' lang='lat' dir='ltr'><strong>non</strong></span> <span class='ocrx_word' id='word_1_268' title='bbox 1354 1321 1483 1364; x_wconf 70' lang='lat' dir='ltr'><strong>potui,</strong></span> <span class='ocrx_word' id='word_1_269' title='bbox 1512 1321 1617 1355; x_wconf 77' lang='lat' dir='ltr'><strong>venit</strong></span> 
     </span>
     <span class='ocr_line' id='line_1_48' title="bbox 883 1379 1615 1421; baseline 0 -9"><span class='ocrx_word' id='word_1_270' title='bbox 883 1380 1038 1412; x_wconf 75' lang='lat' dir='ltr'><strong>honoris</strong></span> <span class='ocrx_word' id='word_1_271' title='bbox 1062 1389 1164 1421; x_wconf 75' lang='lat' dir='ltr'><strong>onus,</strong></span> <span class='ocrx_word' id='word_1_272' title='bbox 1188 1381 1380 1421; x_wconf 86' lang='lat' dir='ltr'><strong>incertum,</strong></span> <span class='ocrx_word' id='word_1_273' title='bbox 1397 1386 1480 1411; x_wconf 88' lang='lat' dir='ltr'><strong>num</strong></span> <span class='ocrx_word' id='word_1_274' title='bbox 1503 1379 1615 1412; x_wconf 79' lang='lat' dir='ltr'><strong>omis-</strong></span> 
     </span>
     <span class='ocr_line' id='line_1_49' title="bbox 882 1435 1300 1477; baseline -0.007 -9"><span class='ocrx_word' id='word_1_275' title='bbox 882 1445 925 1468; x_wconf 84' lang='lat' dir='ltr'><strong>so</strong></span> <span class='ocrx_word' id='word_1_276' title='bbox 948 1436 1111 1477; x_wconf 82' lang='lat' dir='ltr'><strong>sequenti</strong></span> <span class='ocrx_word' id='word_1_277' title='bbox 1135 1435 1300 1467; x_wconf 81' lang='lat' dir='ltr'><strong>disticho.</strong></span> 
     </span>
    </p>
   </div>
   <div class='ocr_carea' id='block_1_18' title="bbox 882 1511 1620 2427">
    <p class='ocr_par' dir='ltr' id='par_1_21' title="bbox 882 1511 1617 1775">
     <span class='ocr_line' id='line_1_50' title="bbox 927 1511 1615 1554; baseline -0.003 -9"><span class='ocrx_word' id='word_1_278' title='bbox 927 1513 981 1545; x_wconf 83' lang='lat'><strong>15.</strong></span> <span class='ocrx_word' id='word_1_279' title='bbox 1014 1511 1121 1545; x_wconf 72' lang='lat' dir='ltr'><strong>Adde</strong></span> <span class='ocrx_word' id='word_1_280' title='bbox 1144 1512 1244 1554; x_wconf 79' lang='lat' dir='ltr'><strong>quod</strong></span> <span class='ocrx_word' id='word_1_281' title='bbox 1267 1512 1338 1544; x_wconf 76' lang='lat' dir='ltr'><strong>etc.</strong></span> <span class='ocrx_word' id='word_1_282' title='bbox 1390 1511 1494 1544; x_wconf 82' lang='lat' dir='ltr'><strong>conf.</strong></span> <span class='ocrx_word' id='word_1_283' title='bbox 1516 1513 1548 1553; x_wconf 92' lang='lat' dir='ltr'><strong>I,</strong></span> <span class='ocrx_word' id='word_1_284' title='bbox 1578 1512 1615 1553; x_wconf 77' lang='lat'><strong>6,</strong></span> 
     </span>
     <span class='ocr_line' id='line_1_51' title="bbox 884 1566 1617 1609; baseline -0.001 -10"><span class='ocrx_word' id='word_1_285' title='bbox 884 1568 916 1600; x_wconf 92' lang='grc'><strong>7.</strong></span> <span class='ocrx_word' id='word_1_286' title='bbox 938 1575 1036 1608; x_wconf 84' lang='lat' dir='ltr'><strong>seqq.</strong></span> <span class='ocrx_word' id='word_1_287' title='bbox 1059 1570 1097 1600; x_wconf 91' lang='lat' dir='ltr'><strong>et</strong></span> <span class='ocrx_word' id='word_1_288' title='bbox 1118 1569 1222 1600; x_wconf 87' lang='lat' dir='ltr'><strong>Pont.</strong></span> <span class='ocrx_word' id='word_1_289' title='bbox 1245 1568 1314 1607; x_wconf 89' lang='lat'>111,</span> <span class='ocrx_word' id='word_1_290' title='bbox 1339 1566 1373 1609; x_wconf 89' lang='lat'><strong>1,</strong></span> <span class='ocrx_word' id='word_1_291' title='bbox 1389 1567 1443 1599; x_wconf 86' lang='grc'><strong>43.</strong></span> <span class='ocrx_word' id='word_1_292' title='bbox 1458 1574 1556 1608; x_wconf 85' lang='lat' dir='ltr'><strong>seqq.</strong></span> <span class='ocrx_word' id='word_1_293' title='bbox 1573 1582 1617 1589; x_wconf 85' lang='lat'><strong>——·</strong></span> 
     </span>
     <span class='ocr_line' id='line_1_52' title="bbox 883 1622 1617 1665; baseline -0.003 -10"><span class='ocrx_word' id='word_1_294' title='bbox 883 1624 972 1655; x_wconf 78' lang='lat' dir='ltr'><strong>Hor.</strong></span> <span class='ocrx_word' id='word_1_295' title='bbox 994 1623 1109 1664; x_wconf 83' lang='lat' dir='ltr'><strong>Epist.</strong></span> <span class='ocrx_word' id='word_1_296' title='bbox 1132 1624 1165 1665; x_wconf 88' lang='grc' dir='ltr'><strong>Ι,</strong></span> <span class='ocrx_word' id='word_1_297' title='bbox 1185 1623 1221 1664; x_wconf 91' lang='grc'><strong>1,</strong></span> <span class='ocrx_word' id='word_1_298' title='bbox 1242 1622 1317 1654; x_wconf 87' lang='grc'><strong>103.</strong></span> <span class='ocrx_word' id='word_1_299' title='bbox 1340 1630 1471 1654; x_wconf 81' lang='lat' dir='ltr'><strong>rerum</strong></span> <span class='ocrx_word' id='word_1_300' title='bbox 1496 1622 1617 1653; x_wconf 81' lang='lat' dir='ltr'><strong>tutela</strong></span> 
     </span>
     <span class='ocr_line' id='line_1_53' title="bbox 882 1675 1615 1718; baseline -0.003 -9"><span class='ocrx_word' id='word_1_301' title='bbox 882 1685 1053 1709; x_wconf 81' lang='lat' dir='ltr'><strong>mearum</strong></span> <span class='ocrx_word' id='word_1_302' title='bbox 1085 1685 1199 1718; x_wconf 73' lang='lat' dir='ltr'><strong>quum</strong></span> <span class='ocrx_word' id='word_1_303' title='bbox 1232 1676 1295 1708; x_wconf 75' lang='lat' dir='ltr'><strong>sis.</strong></span> <span class='ocrx_word' id='word_1_304' title='bbox 1322 1700 1332 1709; x_wconf 91' lang='lat'><strong>.</strong></span> <span class='ocrx_word' id='word_1_305' title='bbox 1394 1675 1501 1709; x_wconf 82' lang='lat' dir='ltr'><strong>Conf.</strong></span> <span class='ocrx_word' id='word_1_306' title='bbox 1526 1676 1615 1707; x_wconf 83' lang='lat' dir='ltr'><strong>Hor.</strong></span> 
     </span>
     <span class='ocr_line' id='line_1_54' title="bbox 884 1732 1121 1775; baseline 0 -10"><span class='ocrx_word' id='word_1_307' title='bbox 884 1732 949 1765; x_wconf 90' lang='lat' dir='ltr'><strong>0d.</strong></span> <span class='ocrx_word' id='word_1_308' title='bbox 973 1733 1004 1771; x_wconf 92' lang='lat'><strong>1,</strong></span> <span class='ocrx_word' id='word_1_309' title='bbox 1030 1732 1121 1775; x_wconf 63' lang='lat'><strong>¹52·</strong></span> 
     </span>
    </p>

    <p class='ocr_par' dir='ltr' id='par_1_22' title="bbox 884 1780 1620 2427">
     <span class='ocr_line' id='line_1_55' title="bbox 929 1780 1619 1829; baseline -0.001 -11"><span class='ocrx_word' id='word_1_310' title='bbox 929 1787 1032 1819; x_wconf 82' lang='lat' dir='ltr'><strong>Libri</strong></span> <span class='ocrx_word' id='word_1_311' title='bbox 1048 1780 1176 1829; x_wconf 75' lang='lat' dir='ltr'><strong>scripti</strong></span> <span class='ocrx_word' id='word_1_312' title='bbox 1193 1790 1231 1820; x_wconf 87' lang='lat' dir='ltr'><strong>et</strong></span> <span class='ocrx_word' id='word_1_313' title='bbox 1245 1789 1326 1820; x_wconf 86' lang='lat' dir='ltr'><strong>edd.</strong></span> <span class='ocrx_word' id='word_1_314' title='bbox 1337 1788 1375 1820; x_wconf 82' lang='lat' dir='ltr'><strong>et</strong></span> <span class='ocrx_word' id='word_1_315' title='bbox 1387 1794 1520 1820; x_wconf 80' lang='lat' dir='ltr'><strong>rerum</strong></span> <span class='ocrx_word' id='word_1_316' title='bbox 1533 1785 1619 1817; x_wconf 73' lang='lat' dir='ltr'><strong>sola</strong></span> 
     </span>
     <span class='ocr_line' id='line_1_56' title="bbox 884 1842 1617 1884; baseline -0.001 -11"><span class='ocrx_word' id='word_1_317' title='bbox 884 1849 943 1882; x_wconf 76' lang='lat' dir='ltr'><strong>es,</strong></span> <span class='ocrx_word' id='word_1_318' title='bbox 973 1842 1041 1874; x_wconf 88' lang='lat' dir='ltr'><strong>nisi</strong></span> <span class='ocrx_word' id='word_1_319' title='bbox 1070 1845 1164 1884; x_wconf 85' lang='lat' dir='ltr'><strong>quod</strong></span> <span class='ocrx_word' id='word_1_320' title='bbox 1194 1845 1269 1876; x_wconf 88' lang='lat' dir='ltr'><strong>Iun.</strong></span> <span class='ocrx_word' id='word_1_321' title='bbox 1297 1846 1334 1876; x_wconf 80' lang='lat' dir='ltr'><strong>et</strong></span> <span class='ocrx_word' id='word_1_322' title='bbox 1357 1843 1466 1876; x_wconf 84' lang='lat' dir='ltr'><strong>Crev.</strong></span> <span class='ocrx_word' id='word_1_323' title='bbox 1490 1850 1530 1874; x_wconf 80' lang='lat' dir='ltr'><strong>es</strong></span> <span class='ocrx_word' id='word_1_324' title='bbox 1551 1849 1617 1873; x_wconf 85' lang='lat' dir='ltr'><strong>re-</strong></span> 
     </span>
     <span class='ocr_line' id='line_1_57' title="bbox 887 1898 1616 1939; baseline 0.004 -12"><span class='ocrx_word' id='word_1_325' title='bbox 887 1904 974 1928; x_wconf 77' lang='lat' dir='ltr'><strong>rum</strong></span> <span class='ocrx_word' id='word_1_326' title='bbox 995 1898 1082 1928; x_wconf 72' lang='lat' dir='ltr'><strong>sola</strong></span> <span class='ocrx_word' id='word_1_327' title='bbox 1101 1898 1149 1939; x_wconf 80' lang='lat' dir='ltr'><strong>et,</strong></span> <span class='ocrx_word' id='word_1_328' title='bbox 1162 1899 1269 1931; x_wconf 80' lang='lat' dir='ltr'><strong>Goth.</strong></span> <span class='ocrx_word' id='word_1_329' title='bbox 1282 1901 1320 1930; x_wconf 86' lang='lat' dir='ltr'><strong>et</strong></span> <span class='ocrx_word' id='word_1_330' title='bbox 1342 1899 1463 1931; x_wconf 78' lang='lat' dir='ltr'><strong>Guelf.</strong></span> <span class='ocrx_word' id='word_1_331' title='bbox 1488 1899 1528 1930; x_wconf 84' lang='lat' dir='ltr'><strong>et</strong></span> <span class='ocrx_word' id='word_1_332' title='bbox 1548 1906 1616 1930; x_wconf 86' lang='lat' dir='ltr'><strong>re-</strong></span> 
     </span>
     <span class='ocr_line' id='line_1_58' title="bbox 885 1953 1617 1994; baseline 0.004 -12"><span class='ocrx_word' id='word_1_333' title='bbox 885 1959 974 1982; x_wconf 82' lang='lat' dir='ltr'><strong>rum</strong></span> <span class='ocrx_word' id='word_1_334' title='bbox 994 1953 1080 1983; x_wconf 79' lang='lat' dir='ltr'><strong>sola</strong></span> <span class='ocrx_word' id='word_1_335' title='bbox 1102 1953 1182 1994; x_wconf 68' lang='lat' dir='ltr'><strong>tut,</strong></span> <span class='ocrx_word' id='word_1_336' title='bbox 1200 1954 1277 1986; x_wconf 80' lang='lat' dir='ltr'><strong>Pol.</strong></span> <span class='ocrx_word' id='word_1_337' title='bbox 1291 1954 1371 1986; x_wconf 82' lang='lat' dir='ltr'><strong>1.et</strong></span> <span class='ocrx_word' id='word_1_338' title='bbox 1382 1955 1417 1986; x_wconf 86' lang='lat'><strong>11</strong></span> <span class='ocrx_word' id='word_1_339' title='bbox 1428 1954 1491 1986; x_wconf 82' lang='lat' dir='ltr'><strong>alii</strong></span> <span class='ocrx_word' id='word_1_340' title='bbox 1503 1954 1617 1986; x_wconf 81' lang='lat' dir='ltr'><strong>Hein-</strong></span> 
     </span>
     <span class='ocr_line' id='line_1_59' title="bbox 885 1998 1620 2042; baseline 0.003 -4"><span class='ocrx_word' id='word_1_341' title='bbox 885 2006 931 2039; x_wconf 85' lang='lat' dir='ltr'><strong>sii</strong></span> <span class='ocrx_word' id='word_1_342' title='bbox 951 2008 1072 2039; x_wconf 78' lang='lat' dir='ltr'><strong>solam</strong></span> <span class='ocrx_word' id='word_1_343' title='bbox 1096 2008 1226 2041; x_wconf 73' lang='lat' dir='ltr'><strong>tutela.</strong></span> <span class='ocrx_word' id='word_1_344' title='bbox 1252 1998 1437 2042; x_wconf 45' lang='lat' dir='ltr'><strong>&#39;Heinsius</strong></span> <span class='ocrx_word' id='word_1_345' title='bbox 1458 2009 1620 2041; x_wconf 83' lang='lat' dir='ltr'><strong>coniecit</strong></span> 
     </span>
     <span class='ocr_line' id='line_1_60' title="bbox 886 2061 1619 2105; baseline 0.004 -12"><span class='ocrx_word' id='word_1_346' title='bbox 886 2061 931 2093; x_wconf 77' lang='lat' dir='ltr'><strong>ut</strong></span> <span class='ocrx_word' id='word_1_347' title='bbox 949 2070 1093 2104; x_wconf 78' lang='lat' dir='ltr'><strong>rerum,</strong></span> <span class='ocrx_word' id='word_1_348' title='bbox 1116 2064 1211 2105; x_wconf 87' lang='lat' dir='ltr'><strong>quod</strong></span> <span class='ocrx_word' id='word_1_349' title='bbox 1234 2067 1298 2097; x_wconf 80' lang='lat' dir='ltr'><strong>aut</strong></span> <span class='ocrx_word' id='word_1_350' title='bbox 1328 2066 1386 2098; x_wconf 91' lang='lat' dir='ltr'><strong>cui</strong></span> <span class='ocrx_word' id='word_1_351' title='bbox 1410 2065 1527 2097; x_wconf 86' lang='lat' dir='ltr'><strong>simile</strong></span> <span class='ocrx_word' id='word_1_352' title='bbox 1550 2064 1619 2096; x_wconf 89' lang='lat' dir='ltr'><strong>nisi</strong></span> 
     </span>
     <span class='ocr_line' id='line_1_61' title="bbox 885 2118 1618 2160; baseline 0.003 -11"><span class='ocrx_word' id='word_1_353' title='bbox 885 2118 1088 2160; x_wconf 77' lang='lat' dir='ltr'><strong>admiseris,</strong></span> <span class='ocrx_word' id='word_1_354' title='bbox 1106 2120 1176 2152; x_wconf 87' lang='lat' dir='ltr'><strong>hoc</strong></span> <span class='ocrx_word' id='word_1_355' title='bbox 1195 2119 1372 2152; x_wconf 84' lang='lat' dir='ltr'><strong>distichon</strong></span> <span class='ocrx_word' id='word_1_356' title='bbox 1395 2121 1551 2152; x_wconf 87' lang='lat' dir='ltr'><strong>hiulcum</strong></span> <span class='ocrx_word' id='word_1_357' title='bbox 1575 2128 1618 2151; x_wconf 92' lang='lat' dir='ltr'><strong>e-</strong></span> 
     </span>
     <span class='ocr_line' id='line_1_62' title="bbox 886 2173 1619 2215; baseline 0.001 -10"><span class='ocrx_word' id='word_1_358' title='bbox 886 2173 945 2205; x_wconf 84' lang='lat' dir='ltr'><strong>rit.</strong></span> <span class='ocrx_word' id='word_1_359' title='bbox 989 2174 1147 2207; x_wconf 81' lang='lat' dir='ltr'><strong>Veteres</strong></span> <span class='ocrx_word' id='word_1_360' title='bbox 1178 2176 1257 2206; x_wconf 88' lang='lat' dir='ltr'><strong>edd.</strong></span> <span class='ocrx_word' id='word_1_361' title='bbox 1279 2177 1373 2215; x_wconf 47' lang='lat' dir='ltr'><strong>post*</strong></span> <span class='ocrx_word' id='word_1_362' title='bbox 1388 2183 1422 2206; x_wconf 88' lang='lat' dir='ltr'><strong>v.</strong></span> <span class='ocrx_word' id='word_1_363' title='bbox 1446 2175 1499 2206; x_wconf 89' lang='grc'><strong>15.</strong></span> <span class='ocrx_word' id='word_1_364' title='bbox 1522 2182 1619 2215; x_wconf 86' lang='lat' dir='ltr'><strong>pun-</strong></span> 
     </span>
     <span class='ocr_line' id='line_1_63' title="bbox 886 2228 1619 2269; baseline -0.003 -8"><span class='ocrx_word' id='word_1_365' title='bbox 886 2231 983 2261; x_wconf 85' lang='lat' dir='ltr'><strong>ctum</strong></span> <span class='ocrx_word' id='word_1_366' title='bbox 1006 2229 1138 2261; x_wconf 82' lang='lat' dir='ltr'><strong>habent</strong></span> <span class='ocrx_word' id='word_1_367' title='bbox 1161 2232 1198 2261; x_wconf 91' lang='lat' dir='ltr'><strong>et</strong></span> <span class='ocrx_word' id='word_1_368' title='bbox 1221 2232 1305 2269; x_wconf 83' lang='lat' dir='ltr'><strong>post</strong></span> <span class='ocrx_word' id='word_1_369' title='bbox 1327 2238 1361 2260; x_wconf 81' lang='lat' dir='ltr'><strong>v.</strong></span> <span class='ocrx_word' id='word_1_370' title='bbox 1385 2228 1439 2260; x_wconf 79' lang='grc'><strong>16.</strong></span> <span class='ocrx_word' id='word_1_371' title='bbox 1463 2236 1537 2260; x_wconf 89' lang='lat' dir='ltr'><strong>non</strong></span> <span class='ocrx_word' id='word_1_372' title='bbox 1558 2228 1619 2260; x_wconf 86' lang='lat' dir='ltr'><strong>in-</strong></span> 
     </span>
     <span class='ocr_line' id='line_1_64' title="bbox 885 2283 1618 2325; baseline 0 -9"><span class='ocrx_word' id='word_1_373' title='bbox 885 2286 1117 2325; x_wconf 76' lang='lat' dir='ltr'><strong>terpungunt.</strong></span> <span class='ocrx_word' id='word_1_374' title='bbox 1170 2284 1241 2316; x_wconf 83' lang='lat' dir='ltr'><strong>Sed</strong></span> <span class='ocrx_word' id='word_1_375' title='bbox 1272 2291 1342 2316; x_wconf 86' lang='lat' dir='ltr'><strong>nec</strong></span> <span class='ocrx_word' id='word_1_376' title='bbox 1371 2283 1462 2315; x_wconf 88' lang='lat' dir='ltr'><strong>illud</strong></span> <span class='ocrx_word' id='word_1_377' title='bbox 1490 2283 1618 2316; x_wconf 84' lang='lat' dir='ltr'><strong>Ieren-</strong></span> 
     </span>
     <span class='ocr_line' id='line_1_65' title="bbox 886 2338 1617 2379; baseline 0.003 -9"><span class='ocrx_word' id='word_1_378' title='bbox 886 2340 978 2370; x_wconf 89' lang='lat' dir='ltr'><strong>dum.</strong></span> <span class='ocrx_word' id='word_1_379' title='bbox 999 2355 1044 2361; x_wconf 84' lang='grc'><strong>-·</strong></span> <span class='ocrx_word' id='word_1_380' title='bbox 1065 2339 1112 2371; x_wconf 88' lang='lat' dir='ltr'><strong>V.</strong></span> <span class='ocrx_word' id='word_1_381' title='bbox 1135 2338 1187 2370; x_wconf 78' lang='lat'><strong>16.</strong></span> <span class='ocrx_word' id='word_1_382' title='bbox 1222 2340 1318 2371; x_wconf 84' lang='lat' dir='ltr'><strong>Mor.</strong></span> <span class='ocrx_word' id='word_1_383' title='bbox 1339 2347 1506 2379; x_wconf 80' lang='lat' dir='ltr'><strong>parvum</strong></span> <span class='ocrx_word' id='word_1_384' title='bbox 1527 2341 1566 2372; x_wconf 87' lang='lat' dir='ltr'><strong>et</strong></span> <span class='ocrx_word' id='word_1_385' title='bbox 1582 2349 1617 2372; x_wconf 71' lang='grc' dir='ltr'><strong>ν.</strong></span> 
     </span>
     <span class='ocr_line' id='line_1_66' title="bbox 886 2393 1379 2427; baseline -0.006 0"><span class='ocrx_word' id='word_1_386' title='bbox 886 2395 940 2427; x_wconf 92' lang='grc'><strong>17.</strong></span> <span class='ocrx_word' id='word_1_387' title='bbox 965 2395 1061 2427; x_wconf 78' lang='lat' dir='ltr'><strong>Gall.</strong></span> <span class='ocrx_word' id='word_1_388' title='bbox 1084 2394 1130 2426; x_wconf 78' lang='lat' dir='ltr'><strong>de</strong></span> <span class='ocrx_word' id='word_1_389' title='bbox 1152 2393 1189 2425; x_wconf 83' lang='lat' dir='ltr'><strong>te</strong></span> <span class='ocrx_word' id='word_1_390' title='bbox 1211 2401 1288 2425; x_wconf 72' lang='lat' dir='ltr'><strong>vox</strong></span> <span class='ocrx_word' id='word_1_391' title='bbox 1312 2393 1379 2425; x_wconf 83' lang='lat' dir='ltr'><strong>est.</strong></span> 
     </span>
    </p>
   </div>
   <div class='ocr_carea' id='block_1_19' title="bbox 881 2452 1618 2829">
    <p class='ocr_par' dir='ltr' id='par_1_23' title="bbox 881 2452 1618 2829">
     <span class='ocr_line' id='line_1_67' title="bbox 929 2452 1618 2502; baseline 0.004 -12"><span class='ocrx_word' id='word_1_392' title='bbox 929 2458 981 2490; x_wconf 82' lang='lat'><strong>19.</strong></span> <span class='ocrx_word' id='word_1_393' title='bbox 1017 2457 1168 2490; x_wconf 73' lang='lat' dir='ltr'><strong>Per-sta.</strong></span> <span class='ocrx_word' id='word_1_394' title='bbox 1187 2452 1192 2457; x_wconf 78' lang='grc'><em>“</em></span> <span class='ocrx_word' id='word_1_395' title='bbox 1214 2460 1290 2491; x_wconf 85' lang='lat' dir='ltr'><strong>Pal.</strong></span> <span class='ocrx_word' id='word_1_396' title='bbox 1313 2459 1359 2501; x_wconf 87' lang='lat'><strong>1.,</strong></span> <span class='ocrx_word' id='word_1_397' title='bbox 1387 2461 1499 2502; x_wconf 71' lang='lat' dir='ltr'><strong>Mon,</strong></span> <span class='ocrx_word' id='word_1_398' title='bbox 1523 2462 1618 2502; x_wconf 90' lang='lat' dir='ltr'><strong>Iun.‚</strong></span> 
     </span>
     <span class='ocr_line' id='line_1_68' title="bbox 883 2514 1616 2556; baseline 0.004 -11"><span class='ocrx_word' id='word_1_399' title='bbox 883 2514 1082 2556; x_wconf 82' lang='lat' dir='ltr'><strong>Bersm.,v</strong></span> <span class='ocrx_word' id='word_1_400' title='bbox 1105 2515 1167 2546; x_wconf 79' lang='lat' dir='ltr'><strong>alii</strong></span> <span class='ocrx_word' id='word_1_401' title='bbox 1193 2515 1318 2546; x_wconf 80' lang='lat' dir='ltr'><strong>Heins.</strong></span> <span class='ocrx_word' id='word_1_402' title='bbox 1333 2517 1371 2546; x_wconf 86' lang='lat' dir='ltr'><strong>et</strong></span> <span class='ocrx_word' id='word_1_403' title='bbox 1394 2516 1449 2547; x_wconf 89' lang='lat' dir='ltr'><strong>ed.</strong></span> <span class='ocrx_word' id='word_1_404' title='bbox 1478 2517 1616 2555; x_wconf 87' lang='lat' dir='ltr'><strong>Bonon.</strong></span> 
     </span>
     <span class='ocr_line' id='line_1_69' title="bbox 881 2567 1617 2612; baseline 0.008 -15"><span class='ocrx_word' id='word_1_405' title='bbox 881 2567 1053 2608; x_wconf 71' lang='lat' dir='ltr'><strong>praesta.</strong></span> <span class='ocrx_word' id='word_1_406' title='bbox 1106 2569 1204 2601; x_wconf 86' lang='lat' dir='ltr'><strong>Idem</strong></span> <span class='ocrx_word' id='word_1_407' title='bbox 1228 2569 1334 2601; x_wconf 83' lang='lat' dir='ltr'><strong>Goth.</strong></span> <span class='ocrx_word' id='word_1_408' title='bbox 1358 2579 1437 2602; x_wconf 84' lang='lat' dir='ltr'><strong>cum</strong></span> <span class='ocrx_word' id='word_1_409' title='bbox 1470 2571 1617 2612; x_wconf 80' lang='lat' dir='ltr'><strong>glossa:</strong></span> 
     </span>
     <span class='ocr_line' id='line_1_70' title="bbox 884 2621 1616 2666; baseline 0.005 -12"><span class='ocrx_word' id='word_1_410' title='bbox 884 2621 1000 2664; x_wconf 78' lang='lat' dir='ltr'><strong>effice.</strong></span> <span class='ocrx_word' id='word_1_411' title='bbox 1048 2625 1272 2655; x_wconf 80' lang='lat' dir='ltr'><strong>Burmannus</strong></span> <span class='ocrx_word' id='word_1_412' title='bbox 1302 2625 1400 2657; x_wconf 81' lang='lat' dir='ltr'><strong>dedit</strong></span> <span class='ocrx_word' id='word_1_413' title='bbox 1432 2627 1616 2666; x_wconf 79' lang='lat' dir='ltr'><strong>praesta.-</strong></span> 
     </span>
     <span class='ocr_line' id='line_1_71' title="bbox 885 2679 1617 2712; baseline 0.003 -2"><span class='ocrx_word' id='word_1_414' title='bbox 885 2687 1049 2711; x_wconf 83' lang='lat' dir='ltr'><strong>caussam</strong></span> <span class='ocrx_word' id='word_1_415' title='bbox 1072 2679 1247 2710; x_wconf 81' lang='lat' dir='ltr'><strong>afferens:</strong></span> <span class='ocrx_word' id='word_1_416' title='bbox 1272 2687 1317 2711; x_wconf 91' lang='lat' dir='ltr'><strong>ne</strong></span> <span class='ocrx_word' id='word_1_417' title='bbox 1334 2679 1389 2712; x_wconf 82' lang='lat' dir='ltr'><strong>bis</strong></span> <span class='ocrx_word' id='word_1_418' title='bbox 1402 2679 1496 2711; x_wconf 86' lang='lat' dir='ltr'><strong>idem</strong></span> <span class='ocrx_word' id='word_1_419' title='bbox 1516 2681 1617 2712; x_wconf 84' lang='lat' dir='ltr'><strong>dice-</strong></span> 
     </span>
     <span class='ocr_line' id='line_1_72' title="bbox 883 2733 1616 2788; baseline 0.005 -23"><span class='ocrx_word' id='word_1_420' title='bbox 883 2736 943 2765; x_wconf 88' lang='lat' dir='ltr'><strong>ret</strong></span> <span class='ocrx_word' id='word_1_421' title='bbox 970 2733 1102 2774; x_wconf 74' lang='lat' dir='ltr'><strong>poeta,</strong></span> <span class='ocrx_word' id='word_1_422' title='bbox 1133 2736 1172 2765; x_wconf 84' lang='lat' dir='ltr'><strong>et</strong></span> <span class='ocrx_word' id='word_1_423' title='bbox 1197 2734 1373 2767; x_wconf 77' lang='lat' dir='ltr'><strong>laudavit.</strong></span> <span class='ocrx_word' id='word_1_424' title='bbox 1419 2737 1522 2788; x_wconf 82' lang='lat' dir='ltr'><strong>Pont.</strong></span> <span class='ocrx_word' id='word_1_425' title='bbox 1547 2739 1616 2778; x_wconf 84' lang='lat' dir='ltr'>III,</span> 
     </span>
     <span class='ocr_line' id='line_1_73' title="bbox 884 2788 997 2829; baseline 0 -9"><span class='ocrx_word' id='word_1_426' title='bbox 884 2788 920 2829; x_wconf 85' lang='lat'><strong>1,</strong></span> <span class='ocrx_word' id='word_1_427' title='bbox 945 2790 997 2820; x_wconf 84' lang='grc'><strong>65.</strong></span> 
     </span>
    </p>
   </div>
   <div class='ocr_carea' id='block_1_20' title="bbox 952 2841 1615 2914">
    <p class='ocr_par' dir='ltr' id='par_1_24' title="bbox 952 2841 1615 2914">
     <span class='ocr_line' id='line_1_74' title="bbox 952 2841 1615 2878; baseline 0 -7"><span class='ocrx_word' id='word_1_428' title='bbox 952 2841 1051 2874; x_wconf 76' lang='lat' dir='ltr'><strong>Quare</strong></span> <span class='ocrx_word' id='word_1_429' title='bbox 1069 2843 1100 2869; x_wconf 72' lang='lat' dir='ltr'><strong>ta</strong></span> <span class='ocrx_word' id='word_1_430' title='bbox 1117 2845 1249 2877; x_wconf 79' lang='lat' dir='ltr'><strong>praesta,</strong></span> <span class='ocrx_word' id='word_1_431' title='bbox 1268 2850 1306 2871; x_wconf 84' lang='lat' dir='ltr'><strong>ne</strong></span> <span class='ocrx_word' id='word_1_432' title='bbox 1324 2843 1402 2871; x_wconf 82' lang='lat' dir='ltr'><strong>livor</strong></span> <span class='ocrx_word' id='word_1_433' title='bbox 1420 2843 1524 2871; x_wconf 80' lang='lat' dir='ltr'><strong>dicere</strong></span> <span class='ocrx_word' id='word_1_434' title='bbox 1541 2851 1615 2878; x_wconf 85' lang='lat' dir='ltr'><strong>pos-</strong></span> 
     </span>
     <span class='ocr_line' id='line_1_75' title="bbox 1279 2886 1328 2914; baseline -0.02 0"><span class='ocrx_word' id='word_1_435' title='bbox 1279 2886 1328 2914; x_wconf 70' lang='lat' dir='ltr'><strong>sit.</strong></span> 
     </span>
    </p>
   </div>
  </div>
 </body>
</html>
