1846 3146
226 187 290 235 20
709 188 1254 241 PROLEGOMENA.

226 308 380 362 liquido
410 315 603 362 apparet,
634 295 901 352 secernenda
929 318 1028 352 sunt
1055 313 1150 367 illa,
1182 326 1291 367 quae
1320 312 1376 353 ad
1404 325 1543 368 genus
1570 313 1753 356 didacti-

227 392 324 420 cum
353 386 426 420 aut
455 380 510 421 ad
538 381 822 423 narrationem
849 382 1062 436 poeticam
1089 385 1302 438 pertinere
1332 384 1580 440 docuimus,
1625 393 1669 427 et
1697 387 1751 428 ab

224 452 294 492 illa
321 452 634 505 vituperatione
664 454 829 493 omnino
860 453 1138 494 excludenda.
1194 455 1264 495 Ad
1293 468 1345 496 ea
1374 468 1504 511 vero,
1558 470 1668 510 quae
1697 457 1752 498 ad

226 523 376 577 elegos
405 536 537 565 sensu
566 515 762 566 strictiori
790 526 1023 579 pertinent,
1064 532 1184 567 recte
1221 526 1440 567 censenda
1475 533 1581 568 ante
1612 529 1752 569 omnia

226 594 463 636 cavendum
502 602 594 651 est,
639 610 695 636 ne
731 610 787 637 ex
815 597 972 637 nostris
1011 610 1065 637 ea
1092 598 1276 639 moribus
1305 611 1359 639 ac
1386 599 1586 640 sensibus
1616 600 1752 641 aesti-

223 665 379 706 manda
408 673 535 720 atque
565 667 846 708 examinanda
873 673 1092 723 putemus,
1137 668 1216 709 sed
1243 676 1386 710 mente
1414 671 1581 711 versari
1607 672 1650 711 in
1678 672 1749 712 illa

224 743 367 778 aetate
411 738 641 794 debemus,
687 753 770 794 qua
807 741 968 793 scripta
997 738 1096 781 sunt
1104 769 1119 794 ,
1159 753 1400 795 sensusque
1428 741 1484 782 ad
1512 743 1621 783 illius
1651 744 1750 783 aevi

223 809 435 850 hominum
464 823 664 866 sensum,
704 824 845 852 mores
874 818 1002 865 atque
1030 812 1246 866 ingenium
1275 813 1488 871 exigendi.
1556 814 1751 868 Fingen-

224 880 303 922 dus
334 882 593 936 cogitatione
623 889 691 924 est
719 870 863 937 poeta,
894 884 963 937 qui
991 884 1033 924 in
1063 883 1175 924 dulci
1203 884 1412 924 societate
1437 883 1620 926 dilectae
1640 898 1768 926 uxo-,

221 954 281 995 ris
296 982 311 1008 ,
342 954 384 993 in
413 952 714 994 iucundissimo
743 955 852 996 illius
881 956 1036 996 aetatis
1064 961 1285 1008 poetarum
1315 962 1359 996 et
1384 956 1569 997 virorum
1598 956 1750 998 docto-

222 1036 315 1064 rum
344 1026 596 1066 commercio
614 1055 628 1080 ,
670 1025 900 1068 honoratus
929 1027 982 1068 ab
1012 1027 1204 1068 omnibus
1218 1056 1233 1082 ,
1277 1028 1320 1068 in
1361 1027 1659 1070 florentissima
1696 1041 1750 1070 ac

223 1095 505 1148 pulcherrima
535 1098 664 1138 totius
693 1098 806 1138 orbis
835 1104 1039 1139 terrarum
1066 1099 1168 1139 urbe
1195 1100 1366 1152 plenum
1384 1112 1518 1153 prope
1538 1100 1750 1160 humanae

227 1168 346 1208 vitae
388 1169 572 1221 spatium
600 1170 713 1227 laete
742 1181 796 1210 ac
823 1169 955 1210 hilare
985 1170 1241 1229 decurrerat.
1309 1171 1522 1225 Fingendi
1548 1170 1747 1225 Romani,

222 1241 374 1295 quibus
402 1241 499 1281 nihil
527 1253 604 1294 par
631 1240 797 1281 Romae
827 1248 942 1297 erat,
988 1243 1163 1297 quibus,
1195 1255 1292 1283 cum
1320 1243 1491 1283 mollitie
1513 1255 1568 1284 ac
1587 1242 1750 1284 deliciis

221 1312 471 1367 affluerent,
510 1313 754 1365 voluptates
782 1313 908 1354 Urbis
954 1320 998 1354 et
1031 1314 1226 1367 publicae
1265 1320 1309 1354 et
1337 1315 1533 1368 privatae
1559 1316 1674 1356 nulla
1701 1328 1750 1356 re

222 1384 398 1437 aequari
427 1390 501 1424 aut
530 1385 797 1439 compensari
817 1398 949 1439 posse
972 1380 1239 1440 videbantur,
1271 1386 1339 1440 qui
1360 1399 1484 1439 porro
1501 1387 1580 1428 sub
1598 1388 1750 1428 iucun-

222 1455 396 1496 dissimo
426 1456 546 1497 coelo
575 1457 618 1496 in
646 1458 948 1498 amoenissima
975 1458 1123 1498 Italiae
1138 1458 1315 1511 regione
1338 1457 1567 1513 degebant,
1598 1460 1749 1512 quibus

220 1529 387 1581 patria,
419 1533 462 1568 ct
490 1528 563 1568 tali
592 1527 759 1582 quidem
787 1530 950 1585 patria,
982 1542 1130 1570 carere
1158 1541 1235 1582 pro
1263 1541 1429 1570 summa
1456 1530 1628 1570 miseria
1656 1536 1749 1571 erat

222 1605 266 1639 et
300 1600 343 1640 in
379 1600 589 1640 communi
627 1601 826 1653 Europae
863 1601 1031 1642 mediae
1072 1607 1115 1642 et
1150 1600 1332 1642 borealis
1370 1601 1451 1642 illis
1488 1603 1749 1655 temporibus

221 1671 416 1712 barbaria
443 1672 568 1712 Ponti
598 1677 642 1712 et
670 1672 833 1712 Daciae
861 1673 1062 1725 regiones
1105 1673 1376 1727 asperiores,
1421 1673 1655 1715 ferociores
1694 1686 1748 1715 ac

221 1743 456 1796 turpiores,
489 1755 615 1795 quam
644 1749 818 1784 nostrae
847 1743 980 1784 aetati
1008 1744 1235 1784 tristissimi
1271 1745 1462 1798 Lappiae
1491 1757 1545 1786 ac
1567 1745 1748 1786 Sibiriae

221 1819 400 1868 tractus,
431 1813 695 1855 videbantur.
751 1815 952 1856 Profecto
978 1815 1089 1856 haec
1116 1816 1155 1856 si
1182 1821 1443 1873 reputamus,
1473 1822 1518 1857 et
1540 1815 1748 1858 Romanis

219 1886 449 1926 lectoribus
474 1886 516 1924 in
537 1885 603 1925 his
619 1887 871 1926 carminibus
887 1888 1057 1939 placere
1074 1886 1290 1942 debuisse,
1306 1887 1573 1942 iucundoque
1586 1900 1663 1928 eos
1677 1888 1748 1928 af-

220 1955 351 1996 ficere
380 1955 539 2010 dolore,
580 1963 751 2009 poetam
785 1969 890 1996 vero
918 1959 1140 2011 eleganter
1169 1953 1363 2011 potuisse
1393 1960 1509 2013 queri
1544 1960 1747 2013 intelligi-

219 2040 329 2082 mus,
362 2040 472 2081 quae
500 2028 658 2068 nostris
688 2021 859 2068 auribus
893 2042 949 2069 ex
983 2029 1186 2069 humiliori
1216 2029 1400 2083 quadam
1427 2036 1578 2070 natura
1620 2031 1747 2070 animi

219 2099 414 2152 profecta
438 2111 492 2139 ac
523 2099 634 2139 iusto
670 2099 872 2140 flebiliora
906 2113 1008 2141 esse
1036 2100 1272 2141 videantur.
1313 2101 1507 2155 Denique
1537 2103 1746 2154 permulta

219 2172 367 2211 horum
401 2171 597 2211 librorum
633 2171 821 2211 carmina
852 2178 951 2212 sunt
991 2171 1258 2226 huiusmodi,
1306 2178 1354 2212 ut
1390 2173 1556 2213 etiamsi
1588 2185 1745 2214 severa

219 2244 288 2283 illa
318 2242 624 2287 Schillerianae
664 2242 882 2283 doctrinae
910 2245 1066 2285 trutina
1096 2244 1409 2298 examinentur,
1458 2244 1670 2298 insignem
1702 2245 1745 2284 in

220 2315 473 2355 carminibus
498 2315 703 2368 elegiacis
733 2316 871 2355 locum
890 2317 1037 2356 merito
1056 2315 1283 2355 obtineant.
1338 2315 1483 2367 Quare
1510 2316 1548 2356 si
1571 2315 1744 2369 vitupe-

219 2387 424 2427 rationem
452 2387 592 2439 paullo
620 2386 849 2427 humilioris
880 2399 934 2428 ac
962 2387 1173 2427 ssebilioris
1194 2387 1507 2427 lamentationis
1535 2388 1578 2426 in
1604 2399 1743 2440 pauca

219 2459 366 2499 horum
396 2459 627 2499 carminum
659 2457 815 2498 cadere
848 2458 1167 2498 concedendum
1205 2464 1288 2512 est,
1331 2458 1564 2499 Schillerus
1599 2463 1742 2498 tamen

219 2531 408 2584 graviter
435 2529 835 2585 reprehendendus,
868 2529 979 2583 quod
1013 2531 1366 2582 vituperationem
1408 2530 1520 2570 illam
1558 2542 1742 2584 quorun—
1780 2563 1789 2568 .
1811 2543 1824 2550 ·

220 2601 317 2642 dam
347 2608 390 2642 et
417 2614 647 2655 paucorum
677 2601 894 2656 elegorum
924 2603 1000 2642 toti
1032 2602 1226 2642 librorum
1247 2602 1444 2642 Tristium
1476 2602 1641 2654 corpori
1671 2607 1742 2641 te-

219 2686 336 2714 mere
368 2674 564 2715 attribuit.

724 2796 757 2799 „
769 2781 1243 2814 *ψῃ-,η
