1846 3146
117 154 122 158 ⁴
212 202 343 233 ,ων
768 185 1185 236 PRAEFATIO.

311 306 382 355 At
415 305 543 355 idem
561 305 835 355 Merkelius
854 310 1076 373 graviter
1109 313 1254 369 errat,
1289 309 1562 359 Palatinum
1593 313 1732 360 ulum

211 391 428 438 bonitate
462 394 606 455 atque
641 391 921 455 integritate
958 393 1227 458 scripturae
1263 395 1440 442 ceteris
1476 394 1731 444 codicibus

211 478 307 521 tam
341 473 491 536 longe
527 473 827 522 antecellere
859 479 1058 539 putans,
1102 475 1156 523 'ut
1199 474 1334 524 illius
1371 479 1512 526 unius
1557 481 1728 526 aucto-

212 558 329 604 ritas
378 558 529 605 maior
580 559 644 605 sit
693 556 932 617 habenda,
981 574 1120 623 quam
1170 558 1463 624 reliquorum
1514 565 1733 610 veterum

211 639 442 687 librorum
478 642 696 688 omnium.
771 641 872 688 Iam
907 640 969 689 de
1003 641 1208 690 artificio
1242 642 1357 704 illo,
1403 659 1497 708 quo
1531 646 1581 691 in
1615 659 1733 710 pro-

211 721 451 787 ponendis
485 722 625 771 huius
672 722 859 772 codicis
907 725 1208 773 variantibus
1251 743 1368 774 usus
1403 731 1504 788 est,
1540 730 1592 774 ut
1626 741 1734 774 eum

213 805 390 869 ubique
424 820 575 854 verae
611 808 880 871 scripturae
898 813 1146 856 auctorem
1180 813 1229 856 et
1263 810 1468 857 omnium
1501 809 1734 857 bonorum

214 887 436 937 codicum
472 890 610 952 quasi
643 891 1007 954 antesignanum
1043 906 1154 939 esse
1189 891 1494 957 ostenderet,
1527 906 1624 939 non
1658 895 1735 945 at÷

214 973 334 1019 tinet
367 970 587 1037 pluribus
633 971 894 1038 disputare.
964 972 1180 1031 Quilibet
1220 975 1345 1023 enim
1378 974 1543 1022 harum
1579 988 1737 1022 rerum

213 1069 309 1102 non
342 1053 489 1119 plane
524 1056 722 1118 ignarus
756 1059 899 1119 atque
926 1055 1160 1117 insolens,
1194 1058 1282 1106 vel
1303 1073 1399 1106 non
1426 1059 1631 1106 monitus
1657 1056 1736 1104 fa·-

215 1136 312 1185 cile
348 1138 455 1201 ipse
497 1137 756 1202 intelligit,
806 1155 946 1202 quum
991 1154 1031 1187 e.
1069 1154 1110 1187 c.
1145 1145 1420 1188 annotatum
1452 1139 1659 1204 legerit:
1694 1139 1735 1198 Ι,

215 1222 274 1280 2,
311 1219 422 1268 107.
457 1218 576 1267 Pal.
610 1221 655 1268 1.
662 1257 681 1279 ,
719 1220 890 1284 Guelf.
925 1227 976 1270 et
1004 1223 1212 1285 plurimi
1223 1259 1238 1280 ,
1274 1223 1374 1283 111,
1411 1223 1467 1282 4,
1504 1222 1583 1270 57.
1618 1222 1737 1270 Pal.

216 1304 260 1352 1.
296 1319 405 1351 cum
437 1303 672 1365 plurimis
707 1305 826 1351 aliis
860 1309 912 1352 et
941 1310 1055 1352 vett.
1091 1305 1215 1364 edd„
1251 1306 1291 1366 Ι,
1328 1308 1375 1366 2,
1408 1305 1520 1354 108.
1554 1305 1673 1354 Pal.
1691 1305 1736 1353 1.

215 1402 306 1434 nec
338 1386 490 1450 pauci
523 1386 639 1443 alii,
675 1385 750 1445 ΙΙ,
787 1385 865 1434 40.
901 1386 1011 1434 Pal
1041 1389 1085 1436 1.
1121 1404 1231 1437 cum
1276 1390 1459 1436 maiori
1490 1388 1736 1436 Heinsiu-

216 1485 396 1518 norum
417 1473 467 1516 et
485 1473 774 1516 nostrorum
806 1485 1026 1528 numero,
1062 1469 1127 1530 Π,
1157 1469 1234 1519 43.
1268 1470 1387 1519 Pal.
1411 1471 1457 1519 1.
1485 1487 1595 1518 cum
1625 1471 1736 1518 lon·
1823 1461 1832 1467 ’

207 1569 275 1617 ye
307 1553 564 1616 plurimis,
610 1550 673 1598 II.
710 1551 788 1598 49.
822 1551 942 1600 Pae.
976 1568 1087 1600 cum
1119 1555 1331 1618 reliquis
1378 1554 1624 1612 omnibu-5,
1670 1553 1737 1612 Π,

215 1635 327 1684 278.
363 1633 474 1682 376.
510 1632 640 1693 337.,
675 1634 766 1693 ΙΠ,
802 1634 848 1693 7,
883 1633 961 1681 53.
995 1635 1114 1684 Pal.
1150 1637 1181 1684 1
1214 1641 1267 1685 et
1288 1637 1510 1700 plurimi,
1546 1635 1735 1684 Palati-

217 1735 325 1767 num
359 1719 501 1765 istum
535 1718 595 1778 in⁴
620 1716 695 1764 his
731 1731 791 1765 ac
826 1715 1004 1765 talibus
1036 1717 1163 1766 locis
1199 1718 1417 1767 omnibus
1451 1718 1572 1766 nihil
1592 1733 1738 1783 prae-

216 1806 348 1849 stare
383 1802 575 1848 ceteris,
641 1799 827 1848 Verum
852 1799 1009 1860 nobiS‚
1045 1788 1249 1849 editoris
1275 1817 1442 1849 munus
1463 1802 1742 1866 suscepisse

216 1883 474 1949 professiS‚
508 1884 558 1929 in
592 1882 683 1930 illa
721 1885 955 1930 communi
989 1887 1040 1931 et
1074 1883 1223 1932 obvia
1251 1883 1596 1933 observatione
1620 1898 1740 1932 con-

218 1968 395 2014 sistere
431 1969 481 2013 et
514 1962 830 2028 acquiescere
859 1980 961 2027 non
995 1964 1150 2025 licuit,
1191 1982 1332 2029 quum
1365 1968 1650 2032 praesertim
1682 1981 1748 2014 ea-

217 2063 299 2096 res
334 2047 399 2096 ad
434 2049 763 2113 quaestionem
783 2045 846 2095 de
881 2064 1058 2095 summa
1090 2049 1141 2095 in
1170 2048 1411 2114 scriptura
1444 2048 1612 2097 horum
1631 2063 1742 2097 car-

217 2133 391 2180 minum
415 2128 755 2180 constituenda
778 2132 1067 2178 auctoritate
1087 2131 1366 2196 pertineret.
1436 2130 1597 2190 Quare
1620 2146 1742 2179 eun-

219 2214 328 2263 dem
360 2211 675 2263 Combianum
722 2213 833 2260 sive
853 2212 1207 2262 ¹Dresdensem
1251 2215 1332 2277 qui
1365 2230 1488 2276 unus
1524 2228 1590 2261 ex
1622 2213 1743 2273 illis,

218 2296 468 2347 Merkelio
488 2295 666 2354 iudice,
693 2295 940 2360 peioribus
959 2301 1049 2356 est,
1071 2298 1151 2361 qui
1168 2295 1421 2344 Heinsium
1454 2298 1505 2343 in
1522 2295 1742 2344 fraudem

219 2379 516 2428 induxerunt
552 2377 743 2439 [Praef.
777 2395 823 2443 p.
858 2378 1106 2439 XVIILJ,
1154 2394 1260 2428 cum
1302 2378 1528 2428 Palatino
1562 2380 1613 2426 in
1646 2378 1744 2428 hoc

221 2478 413 2528 quoque
443 2476 626 2526 genere
646 2460 962 2522 contulimus;
999 2476 1155 2526 neque
1172 2461 1373 2511 hercule
1386 2461 1520 2510 'alius
1539 2461 1631 2510 fuit
1648 2461 1740 2510 hu-

220 2548 296 2594 ius
317 2560 462 2595 curae
499 2548 722 2604 eventus,
759 2549 904 2608 atque
939 2560 1081 2609 quum
1119 2559 1458 2609 quaereremus
1492 2543 1556 2592 de
1589 2546 1743 2598 inter-

221 2627 486 2694 polatione.
563 2629 621 2676 Iu
655 2626 732 2676 IV
766 2629 890 2676 enim
935 2629 1100 2693 primis
1133 2627 1366 2675 Tristium
1409 2627 1548 2676 libris
1592 2626 1743 2676 editio

221 2710 533 2759 Merkcliana
555 2710 907 2776 discrepantias
940 2710 1000 2758 ab
1035 2709 1250 2759 editione
1269 2700 1743 2759 Heinsio-Burman·
1768 2756 1796 2776 ⁶.

222 2794 381 2853 uiana,
418 2809 540 2858 quae
590 2793 780 2858 quidem
822 2797 988 2842 rectae
1024 2807 1135 2842 esse
1168 2793 1423 2854 videntur,
1466 2793 1612 2842 habet
1646 2795 1745 2842 cir—

225 2877 348 2925 citer
384 2873 696 2926 CLXXXX.
757 2875 838 2925 Ex
871 2875 948 2926 his
980 2875 1396 2927 emendationibus
1425 2875 1679 2926 Palatinus
1706 2876 1743 2924 Ι.
