1846 3146
196 173 298 225 316

442 174 500 225 Ρ.
536 170 761 226 OVIDII
793 171 1110 226 NASONIS
1144 174 1486 228 TRISTIUM

198 295 391 362 Quique
422 295 603 347 bovem
638 294 815 346 Siculo
849 296 1007 346 fertur
1041 297 1253 349 donasse
1285 305 1511 366 tyranno,

263 379 333 429 Et
366 379 513 430 dictis
548 385 680 428 artes
717 381 1015 431 conciliasse
1050 399 1192 433 suas:

197 462 442 523 „Munere
473 465 524 512 in
557 464 669 526 hoc,
703 479 810 524 reX,
848 469 925 514 est
957 481 1090 526 usu3‚
1127 464 1219 514 sed
1253 466 1462 531 imagine
1493 467 1660 528 maior,

265 546 416 607 „Nec
449 546 560 596 sola
594 552 672 597 est
706 549 871 613 operis
905 548 1062 598 forma
1094 548 1348 615 probanda
1380 550 1487 598 mei.

196 629 472 696 „Adspicis
507 647 538 678 a
570 629 747 680 dextra
780 631 914 680 latus
947 631 1045 682 hoc
1078 631 1351 699 adapertile
1385 631 1548 682 tauri?

1662 632 1728 682 45

264 712 413 774 „Huc
444 712 550 774 tibi,
586 729 726 778 quem
758 713 956 780 perdeS‚
993 715 1328 765 coniiciendus
1363 717 1478 765 erit:

198 793 466 857 „Protinus
501 795 742 846 inclusum
774 797 922 846 lentis
959 790 1250 848 carbonibus
1284 813 1400 860 ure3

264 879 509 944 „Mugiet,
549 884 598 929 et
627 882 739 929 veri
769 897 875 930 vox
910 883 1005 930 erit
1021 881 1128 930 ‘illa
1158 881 1320 931 bovis.

198 961 335 1023 „Pro
372 962 545 1027 quibus
580 964 813 1025 inventis,
849 969 904 1013 ut
935 981 1105 1012 munus
1138 979 1335 1013 munere
1367 979 1562 1030 penses,

266 1045 394 1106 „Da,
431 1060 626 1111 precor,
662 1048 862 1111 ingenio
896 1049 1111 1114 praemia
1147 1046 1297 1112 digna
1330 1062 1452 1096 meo.

1661 1046 1726 1096 50

197 1128 423 1177 Dixerat.
489 1128 563 1176 At
597 1128 846 1178 Phalaris:
884 1131 1120 1191 „Poenae
1154 1129 1370 1178 mirande
1402 1134 1641 1196 repertor,

264 1212 415 1279 „Ipse
447 1215 580 1260 tuum
612 1228 849 1278 praesens
883 1215 1093 1276 imbue‚“
1129 1212 1270 1274 dixit,
1308 1202 1518 1280 „opusf‘

193 1370 332 1396 rannus
349 1362 544 1405 Agrigenti
567 1364 604 1396 in
622 1363 758 1397 Sicilia.
803 1363 932 1399 Notis-

194 1419 287 1451 sima
310 1427 371 1451 res
392 1421 457 1451 est.
502 1420 660 1452 Perillus
671 1421 807 1454 artifex
818 1423 931 1464 Agri-

193 1474 363 1517 gentinus
380 1476 524 1508 taurum
548 1484 595 1508 ex
618 1484 707 1509 aere
725 1485 854 1509 cavum
873 1478 932 1508 fe-

195 1531 300 1563 cerat
323 1530 423 1567 (hinc
442 1530 650 1564 Perilleum
673 1541 738 1565 aes
753 1534 804 1574 V,
817 1533 931 1574 1,53.,

192 1586 245 1627 V,
268 1585 332 1627 12,
363 1585 437 1625 47.)
449 1610 464 1631 ,
497 1588 534 1621 in
558 1596 662 1630 quem
683 1589 790 1621 homo
812 1589 932 1621 inclu-

194 1655 257 1679 sus
288 1645 455 1678 subiecto
493 1643 578 1685 igne
622 1652 751 1676 sonum
783 1644 935 1685 mugitui

194 1701 300 1734 bovis
313 1700 531 1734 simillimum
543 1699 679 1731 ederet.
714 1700 818 1732 Hunc
836 1702 933 1733 Pha-

195 1757 306 1790 laridi
330 1755 443 1797 dedit,
467 1754 527 1795 qui
538 1754 654 1795 ipsum
665 1756 840 1788 Perillum
853 1757 932 1798 pri-

193 1821 288 1845 mum
305 1810 451 1843 inclusit
465 1812 574 1851 atque
590 1811 799 1844 combussit.
841 1813 929 1844 Ple-

194 1868 232 1900 ni
255 1868 341 1899 sunt
363 1866 447 1898 libri
466 1868 631 1898 veterum
645 1867 846 1899 Phalaridis
865 1868 931 1901 illa

196 1922 427 1956 crudelitate.
483 1922 527 1953 A.
551 1923 594 1953 A.
618 1922 643 1953 l.
665 1921 705 1963 1.,
729 1921 832 1954 Diod.
857 1923 930 1956 Sic.

193 1981 295 2012 XIII.
319 1986 350 2010 c.
382 1977 435 2009 12.
442 1997 456 2018 ,
482 1975 557 2008 Cic.
581 1977 625 2008 de
645 1976 711 2008 Off.
735 1978 782 2008 11.
807 1985 837 2008 c.
861 1978 930 2020 26.,

195 2034 282 2067 val.
307 2035 405 2065 Max.
428 2033 490 2065 IX.
514 2041 544 2067 c.
567 2033 599 2064 2.
611 2053 626 2073 ,
660 2032 810 2064 Lucian.
834 2033 930 2064 Pha-

196 2089 284 2131 lar.,
308 2088 374 2120 Sil.
397 2089 506 2130 XIV,
534 2086 635 2129 212„
664 2088 772 2128 Prop.
795 2089 846 2129 11,
872 2088 930 2130 19,

195 2146 251 2179 52.
273 2161 320 2170 ·—
341 2144 422 2178 Rel.
445 2141 542 2184 ipso.
596 2142 643 2175 V.
666 2141 720 2175 41.
748 2142 829 2175 Bel.
853 2141 930 2174 tri-

197 2199 332 2234 buisse.
794 2192 798 2196 ”

228 2278 284 2312 42.
309 2275 550 2317 conciliasse,
561 2276 842 2308 commendasse.
855 2275 930 2310 Cic.

197 2336 311 2369 Acad.
335 2335 399 2366 IV.
417 2342 448 2365 c.
467 2332 521 2364 42.
535 2330 619 2374 frui
636 2330 682 2363 iis
701 2331 824 2373 rebus,
836 2339 931 2373 quas

194 2390 346 2432 primas
367 2387 509 2421 homini
531 2387 675 2419 natura
698 2386 927 2420 conciliavit.

200 2463 242 2469 —
263 2447 341 2479 Pal.
365 2445 395 2478 1.
419 2442 648 2477 consiliasse.

229 2524 297 2556 ¹43.
331 2524 467 2556 Sensus
491 2523 563 2553 est:
606 2520 655 2552 In
685 2519 755 2551 hoc
775 2526 931 2551 munere

197 2581 323 2617 (tauro
338 2579 426 2615 isto)
440 2585 528 2609 usus
544 2577 611 2618 est,
628 2584 649 2608 ο
666 2583 754 2618 rex,
769 2576 834 2608 sed
847 2583 931 2608 ma-

197 2632 273 2674 ior,
295 2641 407 2674 quam
429 2631 574 2674 imaqo,
602 2630 681 2663 sive
707 2631 839 2674 forma
862 2639 932 2663 ecc-

198 2687 323 2721 tert'or
349 2687 541 2729 praefert.
572 2704 617 2711 -—·
644 2687 721 2719 Pal.
744 2689 791 2730 2.,
817 2688 929 2730 Gall„

198 2745 334 2776 Bersm.
369 2743 407 2775 et
435 2745 527 2775 vett.
561 2743 641 2775 edd.
670 2741 710 2774 in
738 2743 810 2775 hoc
841 2751 931 2775 usus

199 2807 274 2832 rem
297 2798 364 2831 est.
409 2799 529 2831 Berol.
552 2799 608 2831 est
629 2796 742 2830 risus.

244 2877 298 2911 44.
335 2874 483 2917 operis.
538 2875 614 2908 Pal.
648 2875 678 2908 1.
712 2877 750 2908 et
784 2877 838 2908 111
868 2874 930 2907 alii

999 1366 1121 1399 Heius.
1133 1366 1191 1398 est
1201 1363 1318 1397 tauri.
1343 1364 1492 1405 Franc.,
1504 1364 1599 1405 Put.,
1614 1363 1728 1406 Busl.,

996 1424 1082 1455 XIII
1104 1422 1166 1454 alii
1189 1421 1324 1463 Heius„
1347 1421 1448 1461 Seg.,
1462 1418 1596 1460 Guelf„
1608 1420 1729 1460 Rern„

997 1479 1078 1511 Bel.
1108 1479 1146 1510 et
1183 1478 1290 1511 Crev.
1325 1473 1498 1517 pecoris:
1538 1475 1729 1507 manifesta

997 1534 1230 1575 glossemata.
1449 1526 1452 1529 ⁴

1042 1601 1097 1634 45.
1130 1599 1164 1633 Α
1185 1598 1337 1634 ἀεωίνα.
1388 1598 1463 1630 Pal.
1494 1599 1526 1630 2.
1534 1620 1548 1641 ,
1578 1599 1728 1639 Franc.,

998 1656 1077 1688 Pol.
1114 1655 1143 1688 1.
1179 1657 1216 1688 et
1247 1656 1295 1697 2.,
1326 1656 1478 1695 Ber-sm„
1511 1654 1633 1686 XVIII
1664 1651 1728 1684 alii

999 1711 1138 1754 Heius„
1162 1711 1283 1744 Guelf.
1306 1711 1344 1743 et
1366 1711 1451 1751 seg.
1473 1716 1499 1739 a
1519 1707 1671 1740 dextro.

1003 1761 1008 1765 ’
1042 1766 1283 1810 Αάαρενίϊῑε,
1306 1767 1401 1808 quod
1423 1764 1534 1797 facile
1550 1763 1727 1805 aperitur,

1000 1830 1022 1854 a
1045 1823 1207 1864 Nasone,
1229 1825 1269 1854 ut
1290 1822 1450 1863 videtur,
1472 1820 1644 1851 novatum
1657 1826 1727 1849 vo-

999 1878 1181 1920 cabulum,
1204 1880 1243 1910 ut
1264 1877 1368 1911 huius
1397 1875 1543 1918 generis
1566 1873 1728 1915 permul-

998 1935 1047 1966 ta.
1092 1934 1175 1967 Vid.
1198 1934 1244 1965 ad
1268 1934 1336 1976 IV,
1365 1934 1402 1975 5,
1430 1931 1485 1964 21.
1509 1932 1547 1964 et
1568 1931 1615 1962 ad
1635 1931 1668 1972 1,
1690 1931 1727 1971 5,

997 1989 1052 2020 28.

1041 2053 1096 2086 46.
1130 2052 1226 2084 Huc.
1271 2052 1349 2083 Put.
1360 2071 1375 2092 ,
1419 2049 1572 2090 Franc„
1617 2047 1725 2082 (trev.

996 2108 1094 2149 huic,
1117 2117 1149 2149 q.
1174 2115 1204 2138 e.
1227 2104 1324 2137 hinc.
1369 2105 1447 2137 Pol.
1471 2104 1501 2136 1.
1525 2105 1562 2135 et
1580 2103 1628 2144 2.,
1638 2103 1725 2135 Vat.

998 2164 1043 2205 1.‚
1066 2164 1119 2195 IV
1141 2162 1207 2194 alii
1229 2162 1367 2203 Heius„
1385 2161 1485 2202 seg„
1497 2157 1725 2191 Berol.hinc.

996 2218 1072 2250 Pal.
1103 2218 1158 2259 2.‚
1191 2219 1261 2249 ΧΠ
1284 2218 1346 2250 alii
1369 2216 1513 2257 Heius„
1543 2215 1672 2246 Dresd.
1703 2222 1726 2246 a
1782 2210 1787 2214 '

998 2283 1095 2306 corr.
1122 2272 1193 2307 hic.
1247 2272 1391 2313 Guelf.,
1421 2272 1571 2312 Bersm.,
1603 2271 1725 2312 Rern„

997 2329 1121 2371 serv„
1153 2329 1281 2360 Dresd.
1306 2336 1328 2359 a
1352 2326 1382 2360 1.
1404 2335 1450 2358 m.
1474 2327 1512 2358 et
1534 2327 1622 2359 vett.
1645 2326 1724 2357 edd.

994 2383 1076 2415 hac.
1138 2384 1235 2416 Busl.
1270 2383 1368 2415 hanc
1383 2398 1429 2406 ——⁴
1444 2389 1569 2424 quam.
1638 2381 1723 2421 Seg.

994 2438 1081 2470 hinc
1103 2446 1209 2480 quem
1232 2439 1274 2471 tu
1293 2438 1401 2479 perd.
1439 2438 1533 2479 Pae,
1545 2435 1657 2477 Busl.,
1679 2442 1723 2467 a-

994 2495 1035 2528 lii
1056 2495 1178 2527 Heins.
1201 2497 1238 2526 et
1260 2495 1348 2526 vett.
1371 2493 1450 2524 edd.
1468 2489 1614 2532 perdis.
1630 2493 1652 2529 .‘

1040 2572 1095 2605 47.
1129 2573 1184 2604 De
1208 2569 1479 2603 constructione
1502 2568 1574 2602 vid.
1597 2569 1664 2609 ΙΠ,
1686 2568 1722 2609 3,

996 2627 1051 2660 21.
1074 2644 1118 2650 —-
1140 2627 1187 2660 V.
1208 2626 1263 2659 48.
1295 2626 1375 2658 Rel.
1399 2633 1423 2657 a
1443 2625 1476 2657 2.
1499 2632 1545 2655 m.
1568 2620 1656 2654 vivi.
1677 2637 1723 2645 —-

995 2685 1043 2716 V.
1067 2683 1120 2717 49.
1155 2683 1251 2716 Gall.
1271 2688 1407 2714 munus
1428 2678 1538 2723 quod.

1039 2751 1093 2781 50.
1127 2750 1232 2791 Reg.,
1266 2748 1383 2790 Gall„
1417 2747 1522 2779 Rern.
1550 2747 1589 2778 et
1613 2744 1721 2779 crev.

994 2812 1166 2837 munera.

1042 2872 1094 2904 52.
1130 2871 1316 2904 Praesens
1337 2869 1465 2904 imbue.
1521 2869 1621 2903 Gott.
1652 2877 1720 2911 pro
