1846 3146
193 147 294 198 224

439 146 498 198 P.
534 145 759 198 ovum
792 136 1109 206 NASONIS
1144 126 1487 207 TRISTIUM

193 270 306 320 Nos
340 283 531 336 quoque
557 270 658 334 ¹iam
691 268 880 336 pridem
912 272 1097 338 scripto
1130 255 1444 338 peccavimus
1473 273 1622 328 istos

260 344 567 420 Supplicium
598 355 782 419 patitur
813 368 911 403 non
943 370 1077 403 nova
1111 354 1260 422 culpa
1288 371 1501 416 novum3

1634 355 1734 405 540

196 434 522 502 carminaque
556 435 828 498 edideram,
865 452 972 486 cum
1003 442 1053 487 te
1089 437 1276 487 delicta
1307 430 1556 489 notantem

262 520 504 585 Praeterii
538 521 686 569 toties
718 521 825 569 iure
860 522 1051 586 quietus
1086 535 1251 586 eques.

196 602 352 668 ErgO,
390 618 514 668 quae
546 604 714 652 iuveni
747 602 863 655 mihi
895 619 994 652 nou
1027 606 1251 653 nocitura
1284 605 1457 671 putavi

265 685 467 754 Scripta
498 702 665 754 parum
696 686 928 752 prudens,
962 701 1090 736 nune
1124 701 1338 739 nocuere
1370 689 1501 750 seni3

197 838 254 872 sio
282 813 468 871 inductum
500 817 713 892 paucissimi
742 840 846 872 codd.
868 839 936 872 hae

197 895 304 928 beut:
328 895 478 935 Ber-sm„
490 894 566 926 Pal.
583 894 632 936 2.,
648 894 726 927 Pol.
752 894 798 937 1.,
823 895 936 938 Gall„

198 950 323 992 Leid„
352 950 404 982 111
435 949 499 981 alii
521 949 672 991 Heinsii,
706 950 827 982 Guelf.
859 958 882 982 a
903 951 936 984 2.

198 1014 270 1049 m.,
305 1006 435 1048 Goth„
478 1005 607 1038 Dresd.
638 1007 676 1038 et
714 1007 768 1037 ed.
799 1007 954 1040 Bonon.·

199 1061 345 1102 Reliqui
384 1061 488 1094 codd.
523 1063 562 1093 et
595 1062 686 1093 vett.
715 1062 803 1093 edd.-
832 1062 937 1094 tene-

198 1123 359 1158 raeque,
381 1115 451 1148 nisi
473 1117 569 1158 quod
591 1116 712 1148 Berol.
725 1117 939 1160 teneroque,

201 1173 323 1206 Guelf.
348 1180 371 1204 a
406 1171 437 1203 1.
459 1180 506 1203 m.
540 1171 742 1212 teneraque
776 1175 814 1205 et
841 1173 939 1205 Busl.

201 1226 393 1268 Phyllidis
422 1225 484 1258 hic
517 1226 670 1259 teneros
704 1226 938 1269 teneraeque.

200 1284 255 1318 111
277 1283 400 1317 Heius.
425 1279 698 1323 Amaryllidos.

245 1349 394 1391 Phyllis
423 1336 462 1382 et
491 1346 706 1389 Amaryllis
743 1348 830 1380 ficta
857 1348 942 1380 sunt

203 1406 411 1447 puellarum
432 1404 579 1437 nomina
607 1405 703 1444 apud
731 1402 836 1446 Virg.
859 1403 940 1438 Eel.

202 1462 270 1503 111,
293 1461 348 1507 ⁷⁶·
372 1461 443 1502 78„
459 1460 511 1501 v,
535 1458 603 1501 ιο,
622 1460 654 1501 1,
677 1461 708 1491 5.

248 1527 374 1568 Iynes,
396 1528 572 1568 flammas,
592 1532 747 1559 amores.
791 1524 874 1558 Vid.
894 1525 941 1557 ad

202 1589 241 1614 v.
265 1581 532 1615 407.——·Guelf.
556 1590 579 1614 a
602 1581 639 1615 1.
656 1590 702 1614 m.
722 1579 819 1623 iyne.
855 1582 940 1624 seg.

202 1636 327 1680 iynem
350 1639 375 1671 t.
398 1637 443 1671 A.
467 1637 576 1670 idem.

210 1719 213 1722 '
249 1717 324 1750 538.
347 1713 526 1758 {Inveni-s.
573 1716 747 1751 Bucolica
769 1716 849 1750 sive
866 1719 941 1752 Ec-

203 1772 311 1813 logas
334 1773 482 1814 scripsit
496 1775 604 1806 Maro
629 1774 674 1806 ab
698 1775 829 1807 aetatis
853 1784 943 1808 suae

205 1834 239 1859 a.
263 1827 598 1871 XXVI—xxxa,
621 1831 662 1862 U.
687 1828 726 1862 C.
748 1830 945 1864 DCCXI—

204 1882 320 1914 XVII.
364 1882 447 1915 Vid.
469 1884 587 1924 Heyn.
611 1886 648 1916 et
658 1884 768 1917 Voss.
780 1887 824 1918 ad
839 1887 944 1930 Virg.

206 1937 286 1972 Ecl.
310 1954 355 1961 —-
375 1938 480 1979 virg.
505 1939 642 1979 Georg.
665 1940 733 1982 IV,
757 1943 835 1974 565.

273 2012 416 2042 Carmina
438 2012 490 2048 qui
514 2012 575 2041 lusi
602 2015 759 2047 pastorum
784 2016 943 2053 audaxque

606 2055 742 2091 iuventa,

275 2099 390 2136 Tityre,
417 2103 449 2129 te
470 2100 594 2136 patulae
606 2101 718 2174 fcecini
735 2104 791 2132 suh
810 2105 943 2141 tegmine

621 2146 682 2181 agi.

252 2215 329 2249 539.
363 2214 447 2248 Nos
468 2222 625 2258 quoque,
648 2219 689 2250 ut
700 2218 879 2260 Virgilius
900 2228 944 2252 a·

208 2279 330 2304 mores
354 2271 438 2304 illos
469 2271 611 2305 iuvenis
640 2274 804 2316 scripsit,
826 2274 863 2317 in
886 2275 944 2308 iu-

210 2330 364 2361 ventute
378 2327 477 2366 (Vid.
500 2330 547 2360 ad
570 2339 606 2362 v.
620 2330 714 2368 545.)
726 2331 818 2363 Arte
842 2337 943 2362 com-

208 2384 379 2424 ponenda
408 2384 652 2424 peccavimus.
706 2385 810 2419 Conf.
840 2394 878 2417 v.
911 2385 944 2418 8.

210 2441 250 2472 et
271 2440 345 2472 vid.
369 2440 416 2471 ad
438 2440 471 2481 1,
494 2439 530 2482 9,
554 2439 608 2473 61.

254 2505 423 2540 Heinsius
442 2514 523 2539 cum
543 2507 619 2540 Pal.
641 2506 671 2539 1.
692 2508 729 2540 et
746 2507 867 2540 altero
880 2514 947 2539 co·-

211 2562 293 2594 dice
306 2565 342 2594 et
354 2570 423 2594 sua
435 2563 490 2594 ed.
508 2571 563 2604 pr.
576 2563 712 2604 primus
725 2563 824 2595 dedit
844 2561 947 2594 scri-

208 2617 423 2658 pto—uno.
482 2618 555 2650 Sed
577 2618 762 2659 scriptura
784 2617 948 2659 reliquo-

211 2681 293 2706 rum
324 2674 410 2706 libb.
446 2672 601 2706 omnium
643 2672 846 2714 scripto—
861 2671 948 2714 isto,

214 2737 248 2770 q.
278 2737 310 2761 e.
347 2729 442 2769 quod
473 2730 545 2760 tam
577 2736 689 2769 saepe
724 2729 887 2771 appello,
912 2730 949 2760 et

214 2791 285 2824 quo
307 2785 557 2824 componendo
570 2783 690 2815 exsilii
701 2788 856 2824 poenam
869 2791 947 2815 me-

212 2838 290 2882 rui,
312 2842 415 2874 recte
438 2838 561 2882 habet,
585 2841 623 2873 et
643 2839 849 2882 elegantior
878 2839 947 2880 θεας

1003 845 1087 871 nam
1110 838 1155 871 de
1177 838 1404 872 multitudine
1432 846 1529 871 nunc
1558 847 1631 888 non
1654 839 1738 882 agi-

1002 896 1073 927 tur.
1120 895 1224 928 Conf.
1247 896 1322 928 not.
1346 896 1392 927 ad
1410 896 1478 937 111,
1499 895 1534 938 1,
1545 894 1606 939 241.
1642 896 1738 929 Gall.

1000 950 1109 993 facto
1128 959 1233 992 pecc.
1263 967 1309 974 —
1335 951 1382 984 V.
1405 952 1482 985 540.
1511 952 1578 988 Ed.
1601 953 1738 986 Bonon.

1004 1007 1120 1047 culpa
1140 1015 1271 1039 meum.

1048 1094 1126 1129 541.
1150 1093 1367 1128 Notantem.
1398 1088 1573 1130 ,Notare‘
1586 1088 1739 1132 verbum

1006 1151 1224 1184 censorium.
1276 1152 1320 1184 A.
1351 1144 1446 1184 Gell-
1475 1153 1519 1184 N.
1551 1154 1595 1186 A.
1619 1144 1684 1187 IV.
1707 1162 1740 1188 c.

1006 1206 1061 1239 12.
1083 1208 1120 1238 et
1144 1206 1215 1248 20„
1238 1206 1301 1238 ubi
1321 1206 1431 1239 etiam
1453 1210 1510 1240 est
1528 1207 1642 1241 eoeimi
1661 1218 1734 1253 pto-

1006 1260 1087 1302 tae,
1119 1260 1153 1292 11.
1186 1267 1218 1292 e.
1251 1255 1405 1295 liberari
1438 1263 1484 1296 ab
1507 1265 1739 1298 animadver-

1005 1316 1110 1348 sione
1145 1321 1346 1349 censorum.
1396 1317 1456 1351 Pr.
1485 1320 1542 1352 ed.
1571 1319 1740 1353 notante.

1007 1370 1157 1404 ΗιιΝε.

1052 1448 1130 1484 542.
1166 1446 1262 1480 Iure
1284 1449 1430 1492 quietus
1451 1459 1569 1494 eques.
1627 1453 1743 1495 Mon,

1008 1505 1060 1537 lx
1082 1504 1146 1536 alii
1170 1504 1273 1537 codd.
1297 1507 1418 1539 Heius.
1442 1509 1480 1539 et
1502 1508 1661 1541 eiusdem
1684 1509 1741 1540 ed.

1007 1569 1063 1602 pr.
1064 1582 1079 1603 ‚
1087 1562 1194 1594 Bern.
1203 1562 1240 1593 et
1250 1560 1358 1594 Crev.
1375 1561 1619 1604 inrequietus.
1663 1565 1742 1597 Re-

1007 1616 1095 1657 liqui
1117 1616 1205 1649 libri
1227 1624 1351 1649 omnes
1371 1616 1614 1660 irrequietus,
1646 1620 1742 1660 quod

1007 1679 1117 1704 sensu
1149 1674 1263 1705 caret.
1319 1674 1422 1716 put„
1454 1675 1550 1707 Gall.
1579 1677 1619 1707 et
1639 1676 1741 1708 Leid.

1009 1725 1095 1759 iure
1126 1726 1295 1770 quietus,
1340 1729 1435 1768 quod
1468 1729 1604 1770 primus
1644 1731 1743 1763 dedit
1802 1717 1808 1721 ¹

1010 1782 1189 1816 Heinsius.
1239 1785 1367 1817 Recte.
1420 1785 1516 1818 Iure
1540 1786 1744 1829 praeterii,

1009 1839 1043 1871 h.
1067 1846 1099 1871 e.
1122 1838 1208 1871 iure
1236 1835 1317 1873 sive
1349 1839 1487 1873 merito
1508 1849 1585 1874 non
1606 1831 1744 1875 sistere

1010 1886 1143 1937 equurh
1164 1893 1289 1928 iussus
1310 1903 1403 1928 sum.
1449 1896 1532 1929 Vid.
1563 1897 1609 1929 ad
1637 1906 1673 1930 v.
1686 1897 1742 1930 89.

1010 1952 1068 1985 An
1098 1958 1190 1983 vero
1220 1951 1347 1992 plures
1375 1952 1533 1992 equitum
1569 1952 1745 1994 recogni-

1010 2007 1130 2048 tiones
1143 2008 1188 2039 ab
1207 2016 1239 2039 a.
1263 2006 1437 2040 Dccnn.
1460 2007 1744 2052 velnch111.,

1010 2072 1080 2104 quo
1105 2071 1200 2095 anno
1225 2061 1322 2094 edita
1344 2062 1417 2093 Ars
1450 2063 1507 2094 est
1536 2063 1625 2105 (vid.
1648 2064 1743 2107 Pro-

1008 2118 1107 2159 legg.
1131 2118 1175 2149 ad
1201 2116 1367 2153 Hei-oid.)
1388 2117 1434 2147 ad
1465 2124 1498 2148 a.
1521 2117 1744 2160 DCCLXIL,

1012 2182 1082 2214 quo
1113 2171 1225 2214 poeta
1254 2171 1290 2202 in
1319 2171 1483 2203 exsilium
1512 2172 1640 2205 missus
1671 2176 1744 2216 est,

1011 2230 1196 2269 Augustus
1219 2216 1408 2268 habuerit,
1437 2226 1486 2258 ut'
1502 2227 1619 2268 poeta
1641 2231 1745 2262 recte

1012 2284 1135 2316 dicere
1159 2282 1270 2314 toties
1293 2279 1440 2325 possem
1461 2283 1543 2315 aliis
1566 2284 1744 2327 indagan-

1013 2341 1095 2372 dum
1116 2338 1361 2380 relinquimus.
1412 2338 1558 2379 Lipsius
1589 2340 1745 2373 coniecIt

1012 2395 1080 2428 ille
1111 2393 1270 2438 quietus.
1321 2393 1456 2426 Infelix
1484 2397 1541 2429 est
1571 2396 1771 2429 Merkelii—

1014 2453 1246 2486 coniectura:

1080 2525 1254 2560 Praeteriit,
1279 2526 1373 2555 toties
1390 2524 1583 2563 irrequietus,
1602 2531 1696 2561 eques
1712 2541 1747 2547 -

1013 2594 1096 2628 Rel.
1119 2602 1241 2637 equos.

1024 2700 1026 2702 ,
1059 2673 1135 2706 543.
1168 2672 1275 2714 Eryo
1298 2679 1405 2713 quae.
1450 2673 1487 2703 11
1509 2670 1630 2703 Heius.
1654 2678 1744 2711 eryo
1792 2710 1806 2721 .

1015 2736 1060 2760 ea
1082 2735 1188 2769 quae.
1241 2728 1316 2760 Pal.
1342 2727 1388 2770 1.‚
1410 2728 1505 2769 Put.,
1528 2726 1640 2769 Busl.‚
1666 2728 1743 2758 Iun.

1014 2787 1051 2816 et
1073 2785 1123 2815 XI
1151 2783 1216 2815 alii
1238 2783 1359 2815 Heius.
1367 2805 1381 2826 ,
1409 2783 1530 2816 Berol.
1565 2784 1602 2815 et
1635 2782 1743 2816 crev.

1013 2836 1165 2872 iuvenis.
1218 2838 1298 2871 Put.
1321 2845 1346 2871 a
1368 2837 1399 2871 1.
1422 2846 1467 2871 m.
1489 2838 1662 2878 putares.
1701 2854 1747 2863 —-
