1846 3146
245 181 343 232 196

488 182 545 231 Ρ.
581 182 803 233 OVIDII
838 183 1155 237 NASONIS
1190 185 1533 238 TRISTIUM

245 303 377 365 Quid
411 303 633 366 Danaen,
670 305 964 376 Danaesque
999 323 1182 370 nurum,
1216 313 1508 374 matremque
1539 309 1714 376 Lyaei,

311 386 687 453 Haemonaque,
722 393 784 438 et·
806 394 1006 450 nocteS‚
1043 405 1169 455 quae
1202 393 1368 441 coiere
1404 391 1543 454 duaS‚
1678 404 1681 407 ’

243 552 424 594 captivam
453 555 632 595 Mycenas
663 553 812 587 abduxit
834 553 977 595 torique

242 608 460 650 participem
481 610 586 652 fecit,
615 610 676 642 ubi
698 618 771 643 una
794 618 875 642 cum
896 610 976 650 ipso

242 671 266 696 a
288 664 561 705 clytemnestra
585 665 622 697 et
639 665 829 706 Aegystho
853 665 978 697 occisa

242 721 309 751 est.
363 720 459 761 Hyg.
486 719 528 752 F.
559 719 627 760 93„
659 720 828 760 Apollod.
861 721 977 752 111.-c.

243 773 312 816 12„
335 775 424 807 Met.
447 775 531 816 XII,
553 773 629 806 410.
638 795 652 815 ,
680 775 783 806 Hom.
816 773 881 806 Od.
902 774 978 815 XL,

241 829 359 870 Heyn.
383 830 428 861 ad
451 829 555 871 Virg.
579 831 622 863 A.
637 831 686 872 11,
698 829 775 862 246.
819 830 978 861 Tracta-

240 887 349 917 verat
383 892 462 917 eam
491 885 694 926 Sophocles
724 884 760 916 in
789 884 979 926 deperdita

240 939 464 977 Cassandra
497 942 535 973 ct
557 940 798 972 Alemandra.
851 939 977 973 Phoe-

239 995 307 1028 bas
331 997 457 1028 eodem
489 1003 599 1027 sensu
628 997 751 1028 Amor.
783 997 833 1039 11,
861 997 898 1040 8,
923 995 976 1028 12.

238 1052 278 1084 et
299 1053 407 1093 Prop.
431 1052 497 1093 111,
521 1049 579 1093 11,
598 1050 651 1083 62.
663 1050 723 1083 ubi
733 1051 805 1084 vid.
817 1051 976 1084 Broukh.

282 1128 360 1163 401.
396 1127 494 1168 Quid
516 1127 689 1161 Danaen.
744 1128 885 1172 Danae,
919 1131 974 1163 A-

238 1184 339 1218 crisii
361 1184 581 1225 Argivorum
604 1183 702 1226 regis
724 1183 816 1226 filia,
838 1192 861 1216 a
882 1186 974 1218 Iove

236 1239 275 1272 in
309 1247 460 1272 aureum
503 1239 653 1271 imbrem
694 1241 832 1271 mutato
871 1248 972 1273 com-

236 1302 368 1335 pressa
389 1295 561 1327 Perseum
582 1294 737 1336 peperit.
796 1296 846 1327 At
866 1297 973 1336 pater

237 1357 317 1382 eam
342 1358 426 1382 cum
453 1350 529 1382 illio
560 1349 597 1382 in
622 1357 712 1381 arca
733 1348 912 1383 inclusam
935 1350 973 1383 in

236 1411 338 1436 mare
361 1403 534 1446 proiecit,
557 1410 579 1434 e
602 1412 672 1445 quo
696 1411 719 1436 a
743 1404 796 1436 dis
825 1404 972 1437 marinis

234 1452 388 1499 servata
418 1459 485 1491 est.
559 1458 654 1501 Hyg.
690 1460 732 1492 F.
771 1460 845 1493 168.
881 1460 972 1503 170.,

236 1514 327 1546 Met.
350 1514 418 1556 IV,
443 1513 520 1546 604.
542 1522 634 1556 sqq„
649 1516 810 1556 Interpp.
827 1516 872 1548 ad
883 1517 971 1549 Hor.

237 1568 302 1601 Od.
335 1570 403 1610 111,
438 1566 491 1601 16.
569 1570 730 1602 Fabulas
771 1570 974 1603 docuerant

236 1622 377 1656 Danais·
403 1623 599 1666 inscriptas
630 1625 861 1669 Aeschylus,
901 1623 973 1658 So-

235 1680 387 1720 phocles
418 1681 456 1712 et
488 1680 691 1721 Euripides.
742 1681 825 1714 Vid.
855 1681 973 1722 Heyn.

235 1734 282 1766 ad
305 1735 478 1775 Apollod.
500 1736 545 1767 Π.
571 1742 600 1767 c.
620 1735 668 1778 4.,
685 1735 868 1770 vvelcker
888 1735 972 1768 Tri-

234 1788 310 1830 log.
334 1790 463 1823 Aesch.
487 1799 522 1831 p.
547 1789 622 1822 378.

280 1866 507 1908 Danaesque
541 1873 692 1898 nurum.
748 1867 871 1901 Maior
905 1874 972 1899 co-

234 1920 354 1954 dicum
387 1929 558 1955 numerus
597 1920 800 1963 Danaique
835 1930 968 1954 nurus·

233 1976 351 2009 Filiae
374 1977 492 2010 Danai
515 1975 552 2008 in
579 1977 712 2009 fabulis
736 1979 861 2020 notae,
885 1978 970 2010 nul-

234 2030 296 2064 lae
317 2033 428 2064 notae
450 2031 567 2065 Danai
590 2040 715 2065 nurus·
761 2030 884 2074 Quare
906 2040 970 2064 ,re-

234 2094 330 2128 pone
354 2095 434 2120 cum
457 2088 546 2120 vett.
576 2088 655 2120 edd.
692 2088 729 2120 et
750 2087 970 2128 scriptorum

179 2166 181 2169 ,
233 2141 356 2173 multis
376 2140 606 2184 Danaesque
627 2150 775 2176 nurum.
821 2144 970 2176 Andro-

234 2196 339 2227 meda
361 2196 488 2229 Persei
510 2206 605 2230 uxor
628 2199 664 2230 et
678 2189 681 2191 ’
697 2197 850 2239 proinde
883 2197 969 2230 Da-

234 2249 327 2282 naes
348 2259 482 2284 nurus.
527 2251 676 2284 Himvs.
723 2252 820 2286 Mire
839 2253 970 2286 iterum

233 2304 381 2337 variant
410 2305 566 2339 codices.
620 2307 727 2341 Crev.
762 2309 800 2340 et
831 2308 907 2340 Pal.
938 2308 968 2341 1.

235 2358 437 2401 Danaique
458 2369 590 2394 nurus.
602 2379 645 2386 —-
660 2361 883 2404 Danaesque
894 2371 967 2395 nu-

232 2421 321 2446 rum
349 2415 433 2448 Vat.
466 2416 497 2449 1.
506 2438 520 2459 ,
555 2417 702 2460 Guelr„
739 2419 835 2450 Mor.
844 2439 859 2460 ,
890 2426 969 2451 exc.

233 2468 358 2512 Voss„
380 2471 413 2503 X
436 2471 500 2503 alii
522 2472 643 2504 Heius.
667 2475 705 2505 et
731 2473 889 2506 eiusdem
914 2475 969 2506 ed.

231 2533 288 2566 pr.
309 2527 348 2558 et
378 2526 542 2567 reliquae
570 2534 671 2559 saec.
701 2528 803 2570 XV.,
833 2529 970 2571 Berol.,

233 2581 382 2622 Dresd.,
418 2581 541 2624 Goth„
563 2582 643 2614 Rel.
671 2599 713 2606 -
743 2577 971 2623 Danaesque

231 2643 356 2667 nurus
378 2636 455 2668 Pol.
482 2635 528 2678 1.,
551 2637 675 2678 Serv„
697 2638 846 2679 Franc„
865 2638 970 2669 Bern.

233 2690 271 2722 et
293 2690 385 2722 alius
409 2689 534 2723 Heius.
569 2708 613 2729 :-
635 2692 771 2724 Danae
795 2694 874 2729 (ae)
897 2700 968 2734 que

231 2752 354 2777 nurus
375 2745 453 2777 Pol.
478 2746 511 2778 2.
532 2763 577 2770 -—-
593 2746 823 2788 Danaasqae
846 2755 967 2780 nurus

231 2799 344 2842 Busl„
374 2800 496 2842 narb„
524 2802 677 2845 Ber-sm„
707 2804 800 2836 alius
831 2803 967 2846 Heius„

231 2855 437 2889 ed.Bonon.
454 2857 493 2889 et
502 2857 662 2901 Pii-cidi„
674 2859 853 2901 probante
868 2860 967 2895 Gro-

1042 565 1127 590 nov.
1160 558 1276 591 Diatr.
1311 558 1404 591 Stat.
1437 566 1469 591 e.
1499 559 1572 592 43.·
1610 559 1684 594 Sed
1707 567 1774 593 co-

1042 616 1172 655 gnatas
1195 612 1337 645 fabulas
1371 613 1518 655 poetam
1545 615 1777 649 coniunxisse

1044 669 1267 709 probabilius
1308 671 1380 712 est,
1415 671 1453 702 et
1474 670 1658 711 scriptura
1689 671 1775 704 Da-

1043 722 1206 765 naesque
1249 731 1388 756 nurum
1426 725 1600 773 maiorem
1635 735 1775 770 quoque
1804 766 1809 771 ,

1045 777 1155 810 habet
1181 779 1438 812 auctoritatem
1467 782 1557 813 vett.
1586 774 1773 815 libi-orum.

1044 833 1140 866 Gall.
1165 835 1202 866 et
1223 836 1318 867 Mor.
1341 844 1410 876 pro
1433 845 1469 868 v.
1491 844 1564 868 scr.
1587 835 1774 869 Danaum.

1042 904 1087 910 --
1108 889 1360 923 Fabulahaec
1381 892 1448 924 est.
1494 893 1650 925 Perseus
1668 901 1775 935 quum

1042 943 1240 977 interfecta
1261 947 1414 979 Medusa
1442 947 1543 986 (Vid.
1566 949 1612 980 ad
1645 950 1712 990 111,
1734 949 1774 991 8,

1046 1000 1093 1042 6.,
1116 1001 1183 1042 1v,
1195 1001 1231 1048 7,
1256 1000 1327 1038 11.)
1348 1009 1459 1043 super
1469 999 1623 1044 Libyam
1645 1002 1682 1036 in
1703 1011 1774 1044 pa-

1043 1055 1151 1087 triam
1181 1055 1386 1098 revolaret,
1414 1058 1604 1098 conspexit
1625 1059 1773 1092 Andro-

1042 1112 1197 1154 medan,
1227 1110 1362 1151 Cephei
1389 1111 1488 1153 regis
1525 1112 1650 1156 filiam,
1679 1123 1772 1148 saxo

1040 1168 1228 1211 alligatam
1258 1168 1411 1208 cetoque
1445 1167 1623 1201 obiectam
1630 1179 1642 1211 3
1667 1177 1774 1211 quam

1033 1225 1164 1257 bellua
1215 1222 1414 1255 interfecta
1464 1231 1616 1256 uxorem
1660 1225 1773 1258 duxit.

1040 1281 1134 1322 nyg.
1157 1281 1196 1313 u.
1219 1278 1290 1322 64„
1319 1279 1491 1320 Aponod.
1523 1282 1568 1313 11.
1592 1272 1624 1313 3.
1646 1280 1678 1313 4.
1700 1280 1772 1314 ibi-

1041 1345 1109 1378 que
1131 1327 1264 1379 Heyn„
1285 1336 1374 1369 Met.
1398 1334 1467 1377 IV,
1496 1336 1572 1368 670.
1615 1336 1773 1369 Tracta-

1039 1393 1124 1424 rant
1158 1399 1238 1423 eam
1271 1390 1471 1424 materiem·
1496 1390 1699 1432 Sophocles
1733 1391 1771 1424 in

1038 1445 1292 1489 Andromeda,
1302 1446 1386 1480 item
1398 1446 1590 1488 Euripides
1602 1448 1639 1479 et
1648 1448 1771 1489 Phry—

1039 1502 1163 1534 nichus
1186 1504 1223 1535 et
1245 1502 1322 1535 sine
1346 1503 1452 1536 dubio
1477 1502 1585 1534 etiam
1602 1503 1772 1545 Aeschy-

1038 1557 1096 1590 lus
1124 1557 1162 1589 in
1190 1558 1403 1599 PhoreydIs.
1461 1557 1545 1591 Vid.
1575 1557 1769 1593 welcker.

1038 1612 1175 1654 Trilog.
1197 1613 1327 1646 Aesch.
1350 1623 1384 1655 p.
1408 1613 1484 1647 381.

1083 1698 1466 1744 Matremquehyaei,
1493 1701 1673 1736 semelen.
1696 1701 1768 1734 Se-

1038 1757 1155 1799 mele,
1185 1756 1308 1791 Cadmi
1339 1757 1498 1790 Thebani
1526 1758 1613 1800 (IV,
1636 1757 1672 1799 3,
1696 1757 1770 1794 67.)

1038 1810 1128 1853 filia,
1151 1819 1172 1842 e
1201 1813 1291 1844 Iove
1319 1812 1473 1854 gravida
1501 1814 1602 1847 facta
1612 1834 1628 1856 ,
1655 1814 1768 1845 Iuno-

1039 1865 1094 1898 nis
1121 1866 1251 1899 fraude
1283 1874 1307 1898 a
1334 1869 1439 1911 Iove,
1462 1877 1538 1910 vquo
1566 1868 1690 1902 habitu
1721 1868 1768 1900 ad

1038 1921 1212 1952 Iunonem
1241 1922 1368 1955 venire
1398 1924 1663 1967 consuevisset,
1688 1932 1767 1956 am-

1037 1976 1167 2015 plexus
1196 1976 1300 2017 petiit
1329 1978 1414 2020 (IV,
1443 1979 1479 2020 3,
1503 1979 1585 2016 62).
1629 1979 1767 2019 Iupiter

1037 2030 1269 2064 iureiurando
1310 2033 1505 2066 obstrictus
1547 2040 1627 2065 cum
1654 2032 1764 2065 toni-

1038 2088 1098 2118 tru
1132 2088 1169 2119 et
1201 2087 1350 2119 fulmine
1382 2088 1477 2128 apud
1514 2094 1592 2120 eam
1636 2087 1767 2131 intrat,

1037 2150 1107 2182 quo
1130 2142 1272 2175 Semele
1296 2141 1536 2183 conflagravit
1548 2143 1615 2185 (V,
1630 2143 1666 2185 3,
1682 2143 1766 2181 31.)-

1035 2197 1213 2229 Bacchum
1258 2198 1365 2229 utero
1410 2197 1590 2230 exeuntum
1626 2197 1766 2239 Iupiter

1034 2253 1071 2286 in
1093 2254 1233 2285 femore
1264 2259 1331 2284 suo
1356 2251 1537 2294 condidit,
1566 2254 1765 2287 undereum

1034 2307 1130 2340 iusto
1166 2306 1339 2349 gignendi

1035 2363 1155 2395 edidit.
1200 2363 1302 2395 Unde
1324 2362 1375 2405 V,
1398 2363 1434 2404 3,
1457 2362 1513 2395 31.
1537 2361 1593 2395 bis
1617 2363 1766 2405 qenitus

1037 2418 1178 2451 dicitur.
1223 2417 1369 2450 Hesiod.
1401 2419 1464 2451 Th.
1492 2428 1528 2451 v.
1553 2419 1645 2462 940„
1666 2421 1761 2461 Hyg.

1035 2475 1076 2507 F.
1100 2474 1174 2506 179.
1199 2473 1290 2519 1⁶9„
1312 2473 1482 2514 Apollod.
1504 2475 1567 2506 111.
1589 2483 1621 2507 ο.
1643 2474 1674 2506 4.
1691 2474 1762 2506 ibi-
1820 2458 1838 2516 J

1037 2538 1105 2571 que
1132 2531 1265 2571 Heyn.,
1294 2530 1439 2562 Metam.
1469 2529 1538 2571 IV,
1561 2529 1640 2571 12.5
1657 2529 1762 2562 Diod.

1037 2585 1109 2619 Sic.
1137 2587 1199 2618 ΙΙΙ.
1230 2593 1260 2617 c.
1292 2585 1346 2617 65.
1403 2583 1488 2617 Fuit
1515 2583 1658 2616 Semele
1685 2586 1763 2617 Ae-

1037 2639 1172 2682 schyli,
1201 2640 1388 2682 Diogenis,
1412 2637 1582 2674 oenomai
1605 2640 1643 2671 et
1666 2639 1761 2673 Car-

1035 2696 1118 2730 cIni.
1168 2695 1315 2735 Lyaeus
1355 2695 1516 2728 Bacchus
1553 2701 1577 2726 a
1609 2694 1797 2736 Graecis,-

1034 2752 1245 2793 appellatur
1273 2745 1348 2783 οἷπὸ
1378 2747 1445 2783 τοῦ
1472 2744 1586 2790 λύειν,
1621 2751 1716 2791 quod
1737 2757 1762 2783 a

1034 2805 1132 2838 curis
1154 2802 1302 2849 liberat,
1324 2806 1418 2840 unde
1440 2804 1613 2840 aLatinis
1634 2803 1759 2838 Liber.

1034 2862 1084 2904 V,
1106 2862 1143 2904 3,
1166 2862 1219 2894 35.

1386 2308 1550 2349 tempore
1594 2309 1764 2342 absoluto
1834 2344 1837 2346 ,
