1846 3146
194 159 295 210 448

437 144 493 208 ι’).
530 158 753 209 ovmn
787 159 1104 213 NASONIS
1139 161 1482 236 'rms'rmM

194 282 327 332 Hine
371 295 468 346 ego
513 284 767 333 traiicerer
780 319 795 345 ‚
838 298 932 334 nee
974 286 1100 334 enim
1133 300 1241 335 mea
1273 284 1420 352 eulpa
1453 290 1655 335 eruenta

1057 373 1135 417 est
1152 388 1167 430 3

262 448 428 509 Esset,
466 463 589 513 quae
624 448 788 511 debet,
823 452 868 499 si
901 451 990 501 tibi
1027 466 1144 501 eura
1176 452 1285 500 mei.

197 531 294 581 Ille
330 531 468 592 deus,
504 532 630 581 bene
667 549 761 598 quo
794 534 1015 583 Romana
1047 536 1266 601 potentia
1299 535 1418 584 nixa
1450 539 1543 597 est,
1652 533 1720 584 35

264 614 431 682 Saepe
466 630 556 664 suo
590 617 754 665 vietor
786 616 914 666 lenis
947 620 998 666 in
1030 617 1174 668 hoste
1208 619 1315 667 fuit.

196 698 327 759 Quid
361 697 554 747 dubitas
589 703 639 747 et
673 703 777 748 tuta
810 700 986 749 times?
1020 701 1229 751 Accede
1263 716 1509 767 rogaque:

264 779 482 831 Caesare
515 781 588 830 nil
621 783 796 846 ingens
830 786 990 832 mitius
1025 785 1156 835 orbis
1187 785 1349 835 habet.

194 865 282 915 Me
314 867 554 926 miserum,
591 864 708 931 quid
743 881 898 930 agam,
933 868 978 916 si
1006 870 1228 934 proxima
1261 883 1480 934 quaeque
1499 867 1654 918 relin-

1057 955 1221 1021 quunt,

265 1026 527 1084 Subtrahis
562 1035 613 1080 et
645 1030 810 1117 fracto
840 1035 893 1080 tu
927 1048 1119 1100 quoque
1155 1033 1288 1084 eolla
1319 1032 1474 1100 iugo?
1519 1105 1524 1109 μ
1652 1034 1719 1084 40

238 1183 293 1216 33.
314 1182 401 1215 Vat.
418 1180 449 1213 1.
474 1180 724 1224 transiyerer.
752 1181 852 1216 Leid.
871 1183 937 1218 est,

197 1238 338 1272 omittit.
382 1238 495 1279 neg„
530 1239 639 1280 Mon,
662 1239 784 1280 Serv.,
805 1238 861 1270 VI
882 1246 926 1270 a-

193 1295 388 1341 mucius,
405 1293 527 1334 Goth„
543 1294 666 1336 Bern.,
684 1294 767 1335 Seg.
785 1296 823 1326 et
844 1294 926 1326 Bel.

193 1357 310 1391 neque
333 1347 440 1382 enim.
493 1348 637 1389 Reliqui
665 1351 703 1382 et
733 1350 822 1382 vett.
845 1350 925 1382 edd.

194 1414 295 1495 neg-d
316 1466 461 1493 sensum
485 1458 582 1491 conf.
610 1459 687 1501 111,
716 1459 761 1501 6,
788 1458 842 1492 44.
870 1459 925 1492 54.

195 1519 234 1550 et
255 1517 359 1557 Pont.
383 1516 416 1557 Ι,
441 1514 476 1557 1,
498 1515 553 1548 79.

240 1594 294 1627 34.
327 1592 451 1634 Esset,
475 1599 571 1634 quae
592 1590 700 1624 debet
721 1592 790 1624 etc.
826 1592 924 1626 ‹Gal-

192 1652 269 1686 lida
290 1647 536 1690 vituperatio,
567 1655 660 1688 quae
688 1656 762 1681 non
783 1650 855 1681 tam
878 1649 926 1681 ad

192 1705 528 1750 reprehendendam
573 1712 725 1737 uxorem
766 1706 925 1747 spectat,

194 1772 300 1806 quam
345 1761 391 1793 ad
436 1759 639 1800 Principem
683 1760 923 1802 mitigandum.

192 1820 276 1853 Vid.
305 1816 450 1856 Proleg.
483 1815 521 1846 et
549 1817 800 1856 argumentum
830 1817 864 1858 Ι,
893 1815 924 1848 1.

193 1875 277 1916 seg.
300 1871 400 1914 quod
414 1869 541 1902 debet.

238 1952 292 1984 35.
324 1947 433 1981 Niwa
456 1948 521 1980 est.
567 1949 694 1981 Dresd.
711 1956 780 1988 pro
797 1957 833 1980 v.
850 1955 923 1980 scr.

193 2011 232 2042 et
253 2006 374 2039 Berol.
393 2002 521 2046 firma.
570 2005 668 2036 Unus
690 2003 801 2045 nota,
829 2003 924 2036 alius

190 2062 285 2106 fixa.
326 2060 427 2093 Leid.
446 2059 569 2092 mista.

223 2106 315 2151 *Ille
337 2116 440 2149 deus.
484 2116 535 2157 11,
553 2113 632 2147 221.
678 2114 762 2154 seg.
786 2111 878 2153 ipse.

236 2197 290 2229 36.
322 2190 437 2228 Lenis
457 2191 498 2225 in
520 2191 638 2224 hoste.
688 2189 922 2224 Constructio

193 2253 288 2294 apud
320 2248 451 2293 Poetas
479 2257 554 2282 non
586 2254 684 2280 rara.
745 2246 807 2279 Sic
835 2246 922 2278 Her.

193 2308 294 2349 XXI,
316 2306 369 2338 1⁰.
394 2302 485 2337 talis
506 2302 546 2335 in
556 2301 776 2344 Hippolyto,
799 2303 922 2334 Amor.

192 2365 226 2406 1,
249 2364 286 2406 7,
309 2362 363 2395 34.
386 2367 521 2393 saevus
542 2358 582 2391 in
603 2359 721 2400 hoste,
744 2358 833 2392 Met.
854 2357 923 2399 IV,

192 2419 269 2452 547.
292 2424 428 2450 saevus
449 2416 487 2449 in
507 2414 656 2457 pellice,
677 2415 787 2454 Prop.
810 2413 863 2454 11,
886 2411 923 2453 3,

192 2475 246 2507 10.
270 2472 413 2506 amicus
439 2470 480 2503 in
506 2479 637 2513 puero.
698 2469 783 2502 Vid.
814 2467 922 2500 Trist.

193 2531 262 2572 111,
286 2530 322 2571 7,
346 2529 377 2560 7.
430 2527 583 2560 Ponitur
618 2525 727 2558 etiam
762 2524 921 2557 dativus:

192 2588 280 2620 Her.
303 2586 401 2626 XXI,
425 2586 457 2616 5.
480 2582 514 2615 si
537 2581 605 2615 tibi
635 2581 737 2614 dura
754 2579 922 2623 fuissem,

191 2643 296 2684 Pont.
318 2638 487 2672 sontibus
516 2646 595 2671 esse
623 2639 780 2671 trucem.
824 2635 921 2670 Vul-

193 2698 293 2741 garis
317 2697 435 2729 oratio
467 2698 523 2728 est
550 2693 591 2726 in
616 2703 695 2727 cum
718 2702 795 2726 ace.
840 2693 920 2725 Ve-

192 2761 273 2786 rum
295 2753 385 2784 haec
414 2750 594 2783 sententia
624 2748 810 2781 differunt:
839 2756 921 2780 nam

194 2807 336 2841 dativus
366 2807 514 2848 ponitur
541 2805 613 2848 ita,
641 2806 682 2837 ut
709 2804 757 2836 sit
779 2803 921 2835 dativus

194 2863 254 2905 qui
276 2862 407 2897 dicitur
430 2860 625 2896 commodi:
654 2859 686 2893 si
708 2859 801 2902 enim
830 2858 921 2893 dici-

992 1192 1070 1217 mus
1093 1183 1188 1217 lenis
1209 1183 1333 1226 hosti,
1352 1184 1555 1227 quaerimus
1579 1186 1637 1218 cui
1658 1187 1721 1220 vel

994 1241 1094 1273 cuius
1119 1236 1353 1284 commodo¹33
1375 1240 1476 1273 lenis
1497 1241 1537 1273 in
1561 1242 1667 1275 hoste
1687 1243 1722 1276 si

993 1297 1164 1339 dicImus,
1193 1297 1410 1339 quaerimus,
1434 1297 1472 1329 in
1495 1305 1565 1338 quo
1587 1298 1721 1331 lenitas

992 1354 1224 1396 exerceatur,
1242 1352 1281 1385 in
1297 1352 1438 1384 hostem
1459 1360 1550 1386 vero
1572 1353 1605 1401 si
1627 1352 1721 1385 dici-

947 1420 951 1423 >
990 1417 1084 1450 mus,
1113 1409 1331 1450 quaerimus,
1361 1417 1432 1449 quo
1458 1409 1591 1441 lenitas
1619 1409 1722 1440 refe-
1794 1430 1797 1437 .

990 1464 1106 1495 ratur.
1153 1463 1257 1496 conf.
1279 1464 1480 1497 Broukhus.
1498 1464 1545 1496 ad
1560 1463 1636 1496 Tib.
1651 1463 1723 1504 111,

992 1519 1028 1561 6,
1052 1518 1105 1551 19.
1128 1520 1166 1551 et
1193 1519 1347 1560 interpp.
1376 1520 1423 1551 ad
1451 1519 1532 1551 Liv.
1555 1519 1665 1551 XXX.
1688 1526 1721 1550 c.

992 1574 1060 1616 12„
1084 1576 1121 1607 et
1142 1575 1189 1606 ad
1210 1574 1376 1607 XXVIII.
1400 1582 1430 1606 c.
1445 1572 1621 1606 43.—-Ad
1633 1581 1721 1606 sen-

990 1638 1068 1661 sum
1092 1630 1189 1662 conf.
1210 1630 1242 1671 Ι,
1267 1629 1301 1672 1,
1325 1628 1451 1672 73.,“Ῑ,
1474 1630 1510 1672 2,
1534 1628 1603 1670 61.,
1627 1629 1660 1670 Ι,
1683 1630 1721 1670 5,

991 1685 1061 1727 39.,
1084 1686 1134 1727 11,
1157 1683 1227 1726 41.,
1250 1685 1320 1727 1v,
1342 1685 1384 1727 8,
1416 1685 1491 1727 εει,
1513 1679 1565 1727 v,
1589 1683 1626 1726 8,
1649 1683 1720 1726 25„

991 1740 1041 1782 V,
1066 1740 1123 1782 11,
1145 1740 1200 1771 20.
1225 1742 1262 1772 et
1286 1740 1357 1773 vid.
1379 1742 1453 1773 not.
1476 1741 1523 1772 ad
1546 1742 1583 1782 Ι,
1604 1740 1639 1782 1,
1662 1740 1717 1772 20.

992 1797 1068 1828 Iun.
1091 1796 1128 1827 et
1151 1796 1239 1827 vett.
1261 1796 1341 1827 edd.
1362 1794 1475 1827 victo.
1520 1794 1666 1828 Pirckh.
1684 1796 1724 1828 et

990 1853 1092 1888 Leid.
1114 1851 1247 1884 laetus.
1302 1851 1420 1894 Leid„
1444 1850 1541 1884 Busl.
1570 1851 1608 1883 et
1639 1849 1720 1884 Bel.

991 1908 1039 1941 ab
1063 1907 1178 1940 hoste.

1036 1987 1090 2019 37.
1124 1985 1180 2018 Et
1200 1983 1284 2016 tuta
1306 1982 1424 2016 times.
1468 1984 1579 2026 Mon,
1605 1983 1722 2025 Βιιει,

989 2041 1112 2083 Bern.,
1136 2041 1244 2078 Crev.
1268 2042 1305 2072 et
1319 2039 1399 2072 Bel.
1413 2038 1502 2080 quid
1513 2039 1608 2080 tuta,
1624 2040 1720 2080 quod

989 2097 1172 2138 Heinsius,
1195 2096 1347 2128 affectus
1365 2095 1493 2135 ubique
1514 2097 1665 2135 captans
1681 2096 1721 2128 in

990 2153 1131 2184 textum.
1151 2151 1302 2192 recepit.
1355 2149 1529 2182 Similiter
1557 2151 1661 2183 Pont.
1684 2152 1719 2193 Ι,

990 2208 1026 2249 1,
1049 2207 1123 2239 119.
1147 2205 1238 2248 quid
1266 2204 1437 2247 trepidas
1466 2204 1505 2236 et
1532 2203 1643 2238 adire
1666 2205 1718 2238 ti-

987 2270 1064 2294 mes
1085 2262 1291 2304 legendum,
1319 2269 1388 2302 pro
1418 2259 1509 2302 quid
1531 2259 1641 2294 adire
1663 2259 1716 2293 tn·-

987 2326 1065 2350 mes
1086 2318 1269 2358 scriptura
1288 2315 1494 2349 Heinsiana.
1538 2315 1622 2348 vid.
1641 2316 1718 2349 not.

988 2375 1035 2407 ad
1057 2374 1124 2416 IV,
1148 2373 1206 2416 10,
1230 2372 1306 2406 119.

1035 2451 1089 2484 39.
1112 2449 1358 2492 Relinquunt.
1385 2449 1422 2484 V
1438 2447 1577 2492 Heius„
1588 2450 1716 2483 mese.

988 2515 1057 2547 pro
1080 2516 1116 2539 v.
1143 2515 1218 2540 sor.
1245 2503 1470 2548 relinquent.
1522 2496 1632 2537 Bem'
1648 2512 1716 2537 re-

987 2561 1140 2604 linquet.
1191 2562 1293 2604 Rel.,
1323 2561 1429 2594 Goth.
1453 2568 1521 2601 pro
1543 2570 1579 2593 v.
1603 2562 1641 2593 et
1662 2562 1717 2593 111

987 2617 1126 2651 Heinsii
1145 2616 1372 2658 relinquant.
1406 2616 1524 2648 Male:
1547 2615 1603 2658 est
1622 2614 1717 2648 enim

987 2683 1056 2715 pro
1087 2673 1238 2715 quando
1271 2670 1488 2713 relinquunt
1515 2671 1552 2702 et
1583 2670 1628 2702 de
1657 2677 1716 2711 re,

988 2737 1080 2771 quae
1091 2731 1191 2762 facta
1203 2731 1258 2762 est
1269 2718 1331 2761 vel
1347 2734 1437 2760 vere
1450 2727 1505 2768 fit,
1515 2733 1634 2759 sermo
1650 2726 1715 2757 est.

989 2785 1072 2826 Seg.
1095 2783 1317 2826 relinquam.

1033 2860 1086 2894 40.
1120 2859 1175 2894 Et
1198 2859 1341 2902 fracto.
1399 2859 1535 2892 Sensus
1569 2855 1716 2891 est:,et

1836 1506 1843 1514 ν
1836 1259 1846 1460 :dvm—Qudne*
1837 1128 1846 1238 enm..-
1842 1099 1846 1111 Λ
