1846 3146
596 151 725 202 nm.
760 151 799 200 1.
848 150 1172 225 mem.
1204 170 1225 177 -

1613 153 1676 202 ⁷11

148 271 253 323 *Sic
286 271 444 322 doluit
475 273 660 323 Mettus
693 278 824 333 tune,
861 287 969 322 eum
1001 275 1071 322 in-
1092 275 1337 323 contraria
1369 287 1546 322 versos
1613 274 1679 323 75

224 354 428 404 Ultores
458 355 626 405 habuit
654 354 946 422 proditionis
984 371 1151 421 equos.

158 437 285 485 Tum
317 453 441 487 vero
473 439 694 486 exoritur
725 437 908 488 elamor
937 440 1239 503 gemitusque
1272 453 1499 497 meorum,

219 518 501 584 Etferiunt
529 525 743 569 maestae
775 527 978 588 pectora
1010 520 1142 570 nuda
1174 537 1368 581 manus3

155 601 282 650 Tum
313 616 437 651 vero
470 603 665 662 eonium,
698 602 909 652 humeris
943 604 1165 655 abeuntis
1198 603 1475 663 inhaerens,

219 683 422 733 Miscuit
451 682 576 732 haec
606 683 821 735 lacrimis
855 689 1014 736 tristia
1048 685 1180 735 dieta
1212 688 1339 734 suis:

153 802 223 843 pro
244 803 280 827 v.
301 803 391 837 scr„
412 797 496 838 Seg.
519 803 543 828 a
567 795 598 829 1.
620 804 665 829 ιιι.
689 799 727 830 et
749 798 879 839 reliqui

151 857 222 881 suo
243 849 310 890 est,
333 851 429 890 quod
452 851 586 891 primus
608 851 747 885 induxit
766 853 879 886 Hein-

151 902 238 935 sius.
280 904 470 937 Revocavi
491 913 571 937 meo
601 906 668 947 est,
693 909 765 939 tam
788 916 879 948 pro-

149 958 234 999 pter
269 962 523 993 auctoritatem
560 963 649 994 vett.
686 962 879 1004 librorum,

149 1020 258 1054 quam
284 1015 367 1055 quia
394 1024 430 1048 v.
465 1015 543 1057 ⁷8„
574 1016 676 1048 cuius
699 1017 878 1058 expositio

150 1067 221 1100 boc
256 1076 368 1101 versu
397 1069 616 1112 continetur,
646 1071 763 1112 prima
790 1079 878 1112 per-

149 1130 243 1154 sona
269 1125 466 1168 praecedit.
491 1125 573 1157 vid.
582 1126 667 1157 Her.
675 1127 792 1170 xvn,
802 1127 876 1159 252.

192 1188 246 1221 ⁷5.
278 1189 345 1222 Sic
373 1189 497 1222 doluit
524 1189 679 1223 Mettus.
726 1193 878 1226 Rectior

148 1243 310 1277 tortasse
330 1246 380 1277 sit
399 1245 534 1287 lectio,
557 1255 649 1286 quae
673 1254 696 1278 a
717 1249 877 1280 nonnul-

146 1297 194 1329 lis
225 1299 456 1334 substituitur
484 1300 539 1333 sic
569 1300 694 1333 doluit
722 1302 876 1335 Mettus.

147 1353 222 1385 Sed
234 1361 405 1396 nusquam
417 1356 611 1388 invenitur.
621 1355 751 1388 Nive.
764 1356 875 1390 codd.

146 1416 266 1450 prope
295 1417 418 1442 omnes
447 1413 485 1443 et
514 1414 603 1444 vett.
627 1413 706 1444 edd.
729 1411 785 1444 sic
805 1412 877 1444 do-

149 1461 223 1495 lm't
251 1462 441 1513 Pn'qmus.
510 1466 655 1499 Mettus
686 1467 877 1515 legendum

146 1524 243 1559 esse,
265 1517 345 1558 ipsa
367 1527 428 1551 ιω
449 1521 539 1554 satis
567 1523 723 1555 ostendit
730 1533 742 1564 3
765 1526 802 1555 et
823 1524 877 1556 sic

145 1572 254 1613 pauci
296 1573 399 1607 libri:
443 1584 534 1611 unus
569 1578 704 1610 Bonon.
739 1580 777 1610 et
821 1580 875 1611 ed.

99 1622 102 1623 ⁷
145 1628 283 1660 Bouon.
321 1631 387 1667 (et
430 1631 559 1663 Dresd.
618 1633 676 1672 qui
727 1642 794 1674 pro
840 1643 875 1665 v.

144 1691 218 1715 scr.
249 1681 420 1722 Metius).
466 1682 536 1726 Qui
567 1684 760 1719 Priamum
789 1689 877 1719 sub-

146 1737 360 1780 stituerunt,
373 1739 590 1780 ignorabant
601 1742 771 1773 fabulam.
794 1742 877 1774 Fuit

146 1796 268 1827 autem
303 1796 440 1828 Mettus
478 1796 705 1838 (Suffetius),
744 1797 877 1829 Albani

146 1849 274 1889 populi
295 1849 383 1891 du1,
405 1850 464 1890 qui
488 1851 534 1882 ob
557 1851 731 1883 violatum
747 1852 875 1883 foedus

122 1906 127 1911 '
146 1904 186 1940 et
207 1903 449 1944 proditionem
471 1905 509 1936 in
535 1905 636 1937 bello
660 1908 790 1938 contra
812 1907 876 1938 Fi-

148 1958 299 2003 denates
315 1959 426 1992 Tullii
450 1959 612 2002 Hostilii,
633 1961 876 1992 Romanorum

148 2014 264 2056 regis,
286 2014 383 2046 ium
405 2013 500 2046 binis
528 2014 724 2056 quadri-qis
753 2014 792 2046 in
815 2015 876 2047 di-

142 2076 258 2102 voesa
294 2067 499 2101 nitentibus
537 2068 707 2102 evinctus
739 2071 777 2102 et
809 2071 870 2103 di-

143 2122 314 2155 etractus
335 2131 417 2156 esse
439 2125 617 2167 traditur,
639 2127 682 2159 A.
707 2126 801 2159 Geli.
824 2128 869 2159 N.

142 2179 187 2210 Δ,
208 2179 286 2211 xx.
309 2186 341 2211 c.
365 2178 412 2221 1.,
434 2181 513 2212 Liv.
536 2181 564 2212 1.
596 2189 628 2212 c.
657 2181 712 2213 28.
721 2203 735 2222 ,
765 2182 868 2223 Virg.

144 2230 187 2264 A.
208 2232 311 2274 vm,
335 2233 411 2266 642.
456 2235 508 2266 lb.
530 2244 566 2266 v.
594 2235 670 2267 281.

208 2294 266 2323 Vel
282 2297 344 2329 tua,
362 2303 401 2324 ne
417 2304 513 2332 genus
529 2298 588 2325 hoc
603 2306 700 2333 poena
719 2307 872 2335 cognove-

534 2341 577 2384 rit
593 2350 682 2378 unus,

256 2382 382 2412 Viscera
421 2385 551 2414 diversis
598 2387 694 2416 scissa
738 2386 874 2414 ferantur

537 2430 636 2465 equis,

143 2483 328 2526 Ceterum,
350 2488 390 2518 ut
412 2490 515 2519 recte
535 2491 657 2522 monet
675 2490 778 2531 lahn,
800 2499 872 2522 non

141 2538 369 2572 scribendum
408 2541 548 2574 Metius
591 2547 654 2576 aut
691 2545 869 2584 Mettum,-

142 2601 226 2626 nam
247 2594 388 2627 Metius
409 2605 539 2630 nomeu
559 2600 721 2642 generis,
743 2600 870 2632 Metus

141 2651 262 2685 autem
282 2651 345 2683 vel
366 2651 511 2683 Mettus
533 2661 763 2693 praenomen.
792 2655 869 2686 Eo-

141 2706 222 2737 dem
250 2708 357 2739 modo
386 2708 654 2749 distinguuntur
681 2708 814 2740 Tullus
835 2712 873 2742 et

148 2759 312 2801 Tullius,
336 2760 450 2794 Attus
471 2765 510 2795 et
531 2762 658 2795 Attius
661 2786 676 2805 ,
709 2764 873 2796 Marcus

145 2816 184 2847 et
206 2815 399 2858 Marcius,
431 2817 588 2857 Quintus
622 2822 660 2851 et
690 2819 872 2861 Quintius,

1606 686 1672 736 80

947 800 999 831 al.
1023 799 1108 831 vid.
1137 799 1249 838 Leop.
1281 797 1482 830 schneider
1515 797 1674 830 Gramm.

945 857 1027 888 Lat.
1051 856 1078 887 1.
1102 863 1138 895 p.
1159 854 1204 885 11.
1228 861 1263 892 p.
1282 852 1358 884 446.
1404 852 1605 887 weichert.
1631 854 1675 884 de

944 909 1057 949 Furio
1092 906 1266 941 Bibaculo
1301 917 1335 947 p.
1367 907 1443 939 335.
1483 923 1521 928 -
1557 908 1675 939 Porro

944 963 1090 1004 plurimi
1128 962 1214 994 libri
1256 964 1345 994 vett.
1376 970 1509 993 versus
1549 969 1675 1003 equus.

944 1019 1017 1052 Sed
1028 1019 1081 1050 VI
1093 1018 1230 1059 Heius„
1246 1018 1373 1049 Dresd.
1393 1020 1431 1049 et
1443 1017 1522 1049 Bel.
1539 1025 1677 1058 equos„

945 1074 1039 1114 quod
1062 1073 1201 1113 flagitat
1221 1081 1359 1104 sensus.
1399 1073 1478 1105 Put.
1498 1071 1675 1105 victores.

945 1130 1081 1161 Bonon.
1104 1134 1225 1159 verso.
1255 1144 1299 1149 —
1330 1128 1403 1159 Sed
1432 1129 1542 1160 velim
1565 1132 1677 1170 poeta

945 1184 1089 1215 foedum
1111 1182 1181 1214 hoc
1209 1182 1327 1215 simile
1358 1183 1550 1216 omisisset.
1596 1186 1674 1225 Ap-

944 1240 1076 1280 paret,
1116 1237 1203 1269 uihil
1235 1244 1315 1268 eum
1350 1237 1448 1269 aliud
1482 1238 1676 1270 declarare

943 1288 1125 1335 voluisse,
1155 1293 1223 1325 nisi
1259 1300 1363 1333 quam
1386 1300 1499 1334 aegre
1535 1302 1559 1325 a
1597 1293 1674 1326 suis

943 1347 1093 1379 avulsus
1123 1351 1236 1380 esset:
1276 1355 1403 1380 verum
1432 1356 1476 1379 ea
1506 1348 1606 1380 notio
1638 1348 1675 1380 in

943 1403 1013 1435 hoc
1056 1403 1163 1435 simili
1205 1402 1347 1444 seiungi
1387 1411 1463 1435 non
1496 1405 1619 1443 potest
1652 1412 1676 1434 a

942 1459 1049 1491 Metti
1098 1459 1243 1491 scelere
1295 1463 1403 1499 atque
1454 1458 1674 1500 proditioue.

944 1512 1068 1556 Quare
1090 1515 1120 1546 si
1145 1521 1233 1545 vere
1256 1515 1301 1546 ab
1326 1515 1454 1548 Ovidio
1477 1516 1555 1554 est,
1579 1515 1674 1554 quod

944 1569 1131 1601 dubitabat
1165 1570 1346 1612 Heinsius,
1382 1570 1477 1602 citra
1521 1569 1674 1610 elegan-

944 1623 1030 1655 tiam
1052 1627 1119 1655 est.

987 1689 1041 1721 77.
1090 1689 1183 1720 Tum
1219 1697 1323 1721 vero.
1370 1691 1465 1723 Busl.
1477 1713 1492 1733 ,
1536 1690 1675 1732 Berol„

943 1735 1089 1784 Dresd.,
1105 1744 1185 1776 Bel.
1204 1748 1242 1777 et
1256 1745 1365 1779 Crev.
1389 1746 1490 1777 tunc.
1506 1762 1550 1767 —
1569 1744 1675 1776 Tunc

943 1799 1083 1830 certum
1119 1801 1297 1841 quoddam
1333 1802 1473 1841 tempus
1511 1800 1675 1832 iudicare

942 1853 1066 1885 dicunt
1109 1855 1348 1894 praeteritum
1400 1855 1464 1887 vel
1513 1855 1675 1887 mturum

941 1908 1044 1941 nulla
1066 1911 1130 1940 aut
1151 1909 1361 1950 praegressi
1377 1911 1438 1941 aut
1450 1909 1674 1950 subsequen-

941 1963 988 1995 tis
1021 1965 1196 2005 temporis
1230 1964 1354 1997 habita
1386 1965 1547 1997 ratione:
1594 1965 1672 1997 tum

941 2019 1042 2061 poni,
1064 2020 1124 2052 ubi
1147 2028 1169 2052 a
1193 2028 1413 2061 praegresso
1439 2024 1602 2061 tempore
1626 2021 1674 2051 ad

939 2075 1160 2115 subsequens
1183 2065 1478 2118 progrediamur,
1502 2076 1596 2116 quod
1611 2075 1674 2106 alii

935 2129 1083 2161 brevius
1114 2131 1259 2172 dicunt,
1302 2130 1380 2162 tum
1419 2131 1558 2163 ordinis
1593 2138 1675 2162 esse

936 2185 1120 2217 docentes.
1167 2186 1251 2218 Vss.
1276 2186 1330 2218 77.
1361 2187 1398 2218 et
1428 2187 1482 2218 78.
1513 2195 1535 2217 a
1565 2187 1670 2219 Bern.

934 2240 1077 2272 absunt.
1100 2241 1175 2272 Pal.
1186 2240 1216 2272 1.
1231 2242 1268 2272 et
1282 2242 1337 2272 ed.
1346 2250 1401 2282 pr.
1411 2241 1547 2272 Heinsii
1560 2241 1671 2273 clam.

936 2294 1128 2337 fletusque.
1174 2296 1262 2327 Exc.
1287 2296 1395 2327 Voss.
1419 2295 1626 2336 luctusque.

982 2373 1038 2404 78.
1070 2371 1198 2403 Nuda.
1245 2373 1378 2403 Pectus
1391 2374 1548 2405 nudandi
1560 2375 1598 2406 et
1613 2373 1670 2405 fe-

939 2426 1057 2458 riendi
1079 2435 1156 2458 mos
1179 2427 1215 2457 in
1246 2435 1383 2458 summo
1413 2428 1515 2460 luctu
1538 2430 1671 2469 passim

941 2481 1114 2522 tangitur.
1160 2483 1248 2513 Met.
1271 2483 1321 2523 Π,
1344 2483 1421 2514 584.

1003 2542 1151 2577 Plangere
1177 2545 1256 2572 nuda
1279 2544 1355 2572 meis
1382 2546 1514 2573 conabar
1544 2548 1669 2581 pectora

1326 2589 1446 2624 palmis.

938 2645 1044 2678 Conf.
1065 2647 1132 2687 111,
1156 2647 1193 2688 3,
1217 2647 1270 2679 48.
1294 2650 1332 2680 et
1358 2649 1457 2681 Fmt.
1491 2651 1557 2691 iv,
1594 2652 1669 2683 454.

939 2703 1068 2734 Dresd.
1092 2706 1272 2742 corpora.

981 2767 1036 2799 79.
1077 2768 1170 2801 Tum
1193 2778 1284 2802 vero
1308 2779 1387 2803 cum
1409 2770 1539 2803 affectu
1559 2780 1669 2812 repe-

939 2822 1037 2854 titur.
