1846 3146
0 1967 17 1978 ‚¹
0 1568 26 1952 -Ᾰ,-ᾱ’1τ,,-·-·οτπςῑῑῑπ””μᾞ
0 1472 17 1552 τ’τ*
0 1418 11 1453 *2⁴¹
0 1391 12 1405 τ
0 1291 18 1354 ,”’···

597 166 726 217 Lm.
760 164 850 215 IV.
887 151 1103 216 Eum.
1136 160 1201 212 X.

93 291 293 359 ¹Saepe
330 303 450 340 suos
479 251 656 339 solitus
688 271 899 337 recitare
930 285 1217 353 Propertius
1249 284 1408 347 ignes,
1561 282 1646 330 “15

1548 158 1647 210 419

187 375 311 424 Iure
337 371 555 422 sodalitii
588 372 671 436 qui
702 370 813 419 mihi
848 371 1039 418 iunctus
1071 372 1191 417 erat.

170 523 227 557 44.
259 522 391 556 Nocet.
435 519 852 554 Pal.2.etValiilleins.

128 568 277 610 nocens.
333 577 478 619 Guelf„
508 577 584 609 Pol.
612 575 644 607 1.
674 577 711 607 et
730 575 786 617 2.,
815 578 853 608 et

128 641 198 674 pro
220 640 256 665 v.
276 640 349 665 scr.
370 633 501 665 Franc.
525 639 604 664 eum
618 631 762 663 Pirckh.
785 638 852 662 ne-

128 688 199 722 cet.
242 690 338 722 Mor.
360 685 487 729 quisve
507 685 632 727 necet,
660 689 697 718 et
725 695 793 727 pro
815 695 852 718 v.

125 752 200 777 ser.
211 741 305 785 quie
320 741 465 775 noceat.
510 741 631 783 Goth„
642 742 746 783 Reg„
758 742 851 783 Put.,

127 798 244 840 Gall„
264 799 376 840 non,
398 797 520 839 Serv„
542 797 629 829 Vat.
643 797 689 838 1.,
705 796 852 837 Franc.,

128 854 182 887 11
201 851 267 887 alii
286 852 424 894 nens„
435 853 571 894 anem,
583 852 713 884 Dresd.
725 854 762 883 et
773 851 851 883 Bel.

124 908 237 942 iuvet
275 907 538 950 neuquicodd.
555 906 664 939 nocet
682 908 720 938 et
736 904 852 937 iuvat.

127 965 226 998 vau.
246 965 325 997 edd.
340 962 605 997 nocet—iuvet.
638 963 769 1004 „Lege
785 969 852 992 ne-

126 1020 192 1052 cati
199 1021 239 1053 et
250 1018 364 1053 iuvet.
385 1020 532 1052 Remed.
543 1020 588 1051 A.
600 1027 637 1050 v.
649 1018 723 1058 481.
749 1017 853 1049 Par-

125 1082 190 1106 va·
204 1075 321 1107 nme
335 1083 465 1107 morsu
490 1073 697 1116 spatiosum
718 1071 854 1114 vipera

127 1129 383 1164 muet-
393 1127 555 1171 u1‚49.“
566 1130 668 1161 Haec
675 1128 852 1161 Heinsius.

129 1185 355 1226 serint-iram
386 1185 496 1217 nocet
523 1185 715 1218 confirmat
742 1191 853 1224 prae-

126 1243 188 1274 ter
199 1243 403 1274 ceterorum
410 1241 496 1273 libb.
508 1248 624 1281 prope
640 1246 852 1272 consensum

130 1296 239 1329 etiam
262 1297 502 1329 concinnitas:
526 1303 607 1327 nam
624 1295 746 1335 nocet,
760 1295 853 1335 quod

130 1358 243 1392 saepe
273 1351 311 1383 in
342 1351 529 1384 venenatis
562 1349 715 1392 dicitur,
739 1351 853 1382 verbo

127 1405 330 1446 iucatapte
348 1395 554 1446 opponitur.
598 1406 681 1437 vid.
705 1405 754 1446 11,
776 1406 853 1437 27⁰.

63 1497 67 1499 ,
130 1461 235 1495 Gonf.
257 1462 346 1494 Met.
368 1462 456 1493 nv
464 1482 479 1502 ,
496 1456 580 1503 ’56.,
608 1462 696 1493 Hor.
718 1462 795 1493 Sat.
820 1463 853 1503 1,

129 1516 168 1559 8,
191 1516 246 1549 18.
288 1516 360 1548 llla
380 1522 545 1556 quaeque
558 1515 668 1548 nocet
686 1524 853 1558 serpens,

130 1578 227 1614 quae
245 1569 356 1602 iuvat
374 1569 492 1602 herba
513 1578 585 1602 non
609 1571 660 1602 ita
671 1571 856 1611 accipien-

133 1628 182 1660 da
207 1626 400 1668 videntur,
433 1627 474 1658 nt
501 1625 574 1656 sint
613 1635 681 1666 pro
711 1626 856 1666 obliqua

130 1689 235 1724 quam
256 1683 393 1714 vocant
421 1681 610 1721 oratione,
633 1683 673 1712 ut
695 1682 747 1722 11,
763 1681 856 1722 27⁰„

131 1732 171 1770 et
192 1738 233 1769 ut
254 1732 373 1769 Macri
400 1735 545 1776 aliquod
571 1735 765 1775 cogitatum
790 1736 856 1766 de·

135 1791 296 1832 clarent3
319 1794 393 1824 tum
414 1798 503 1822 sane
524 1791 650 1821 modus
671 1790 857 1829 ponendus

133 1847 232 1878 esset
254 1844 521 1878 coniunctivus:
544 1845 609 1875 sed
627 1846 667 1875 nt
682 1850 772 1884 pure
792 1843 858 1874 de-

132 1900 295 1937 scribant
327 1901 365 1931 et
394 1907 473 1932 rem
508 1901 646 1931 cermm
686 1898 857 1940 indicent,

133 1956 284 1997 perinde
315 1963 361 1987 ac
382 1953 414 1986 si
435 1954 584 1986 dixisset
604 1961 695 1984 suas
715 1960 858 1984 nocen-

134 2012 193 2044 tes
213 2010 349 2043 herbas
370 2016 463 2051 quas
484 2007 606 2049 habet,
628 2009 668 2039 ut
692 2009 778 2039 ante
800 2007 857 2039 di-

134 2065 190 2098 xit
210 2072 301 2097 suae
320 2063 504 2096 volucres.
517 2079 560 2085 -—
571 2063 682 2097 certe
699 2071 769 2104 quo
787 2070 857 2102 pe-

133 2119 244 2152 nitius
264 2119 442 2152 rationem
454 2117 610 2151 Nasonis
625 2118 856 2160 cognoveris,

135 2174 208 2206 hoc
227 2173 465 2215 periculosius
487 2180 568 2205 esse
589 2173 785 2215 intelliges,
795 2175 855 2205 ta-

135 2227 189 2260 lia
214 2227 257 2261 in
281 2228 357 2260 eins
386 2228 533 2268 scriptis
555 2228 858 2270 damnarentque

136 2284 289 2315 nubre.
330 2282 417 2315 Via:
436 2283 504 2324 lv,
526 2282 638 2324 ¹7,.14.
689 2283 743 2314 De
766 2291 857 2314 con-

136 2337 339 2370 struetione
365 2338 438 2370 vid.
467 2338 632 2379 exempla
666 2338 780 2370 allata
811 2338 858 2369 ad

135 2393 198 2424 Τι’.
219 2393 252 2434 1,
274 2391 332 2438 lq,
353 2391 407 2424 31.
452 2392 571 2425 Guelt'.
586 2392 719 2434 quique
739 2393 858 2425 nocet.

137 2447 275 2480 Macer
296 2447 353 2479 est
373 2446 546 2479 Aemilius
571 2449 713 2490 Macer,
735 2449 859 2480 Vero-

135 2503 275 2545 nensis,
303 2501 451 2542 Virgilii
484 2501 617 2534 amicus
639 2504 676 2535 et
699 2503 859 2543 aequalis

138 2557 240 2595 [vid.
263 2558 370 2590 Serv.
391 2557 438 2588 ad
460 2557 563 2598 Virg.
586 2557 665 2590 Ecl.
685 2558 736 2599 V,
751 2557 782 2589 1.
801 2557 859 2588 in-

138 2612 185 2644 de
205 2611 393 2653 mundior
414 2614 538 2653 aevo),
568 2612 627 2653 qui
652 2613 696 2644 de
718 2613 860 2654 avibus,

138 2663 366 2708 serpentibus
389 2670 427 2701 et
448 2668 639 2700 herbarum
670 2667 861 2699 virtutibus

111 2748 114 2749 γ
139 2723 301 2755 carmina
323 2718 524 2763 composuit
545 2723 687 2760 (Manil.
713 2725 861 2756 Astron.

139 2778 193 2819 11,
212 2778 269 2811 43.
296 2779 436 2820 semp),
464 2786 555 2818 quae
584 2778 702 2811 omnia
730 2779 863 2818 deper-

141 2831 215 2864 dita
233 2834 328 2866 sunt.
370 2834 453 2866 Vid.
476 2833 598 2867 Maffei
620 2834 757 2867 Veron.
772 2832 861 2865 illu-

917 521 1021 551 strat.
1043 519 1081 551 P.
1105 519 1150 550 11.
1158 537 1172 559 ,
1194 516 1322 548 Baehr.
1344 514 1435 548 Hist-
1452 514 1523 546 litt.
1541 514 1643 546 Rom,

919 573 954 613 S.
977 571 1031 604 91.
1082 572 1258 605 Diversus
1279 573 1398 603 autem
1421 570 1479 601 hic
1501 571 1644 610 Macer,

915 626 1104 669 grandior
1132 635 1236 667 aevo,
1264 634 1287 658 a
1317 625 1459 657 iuniore
1493 625 1644 664 quodam

917 683 1043 724 poeta,
1065 681 1106 715 C.
1127 682 1269 715 Licinio
1292 680 1439 721 Macro,
1467 686 1570 719 quem
1592 679 1644 712 0-

917 739 1035 772 vidius
1057 747 1082 770 a
1103 737 1263 770 carmine
1284 744 1352 768 suo
1374 737 1477 768 Pont.
1494 735 1564 776 IV,
1587 735 1645 776 16,

917 797 950 827 5.
1011 793 1175 826 Iliacum
1205 794 1339 833 vocat,
1379 791 1456 822 eius
1486 790 1646 832 aequali,

918 852 964 883 ad
986 859 1090 892 quem
1111 851 1168 881 eet
1189 849 1292 881 Pont.
1314 848 1367 887 11,
1390 847 1443 879 10.
1487 847 1571 879 vid.
1588 847 1645 878 in-

917 909 1036 947 terpp.
1058 906 1104 938 ad
1119 906 1244 937 Amor.
1261 903 1311 943 11,
1327 902 1384 943 18,
1397 901 1444 945 1.‚
1459 904 1507 937 ad
1524 900 1646 944 Quint.

919 962 948 993 1.
971 961 1011 994 0.
1033 961 1077 992 X.
1100 968 1131 992 c.
1155 958 1185 991 1.
1208 959 1247 990 et
1266 957 1395 989 Baehr.
1416 957 1444 989 1.
1467 958 1493 990 l.

962 1037 1016 1069 45.
1051 1034 1295 1077 Propertius,
1338 1038 1546 1072 notissimus
1581 1041 1645 1073 ille

919 1093 1106 1134 elegorum
1128 1091 1300 1132 scriptor.
1343 1093 1425 1126 Vid.
1438 1097 1514 1127 not.
1531 1097 1577 1126 ad
1595 1097 1644 1138 11,

919 1147 995 1179 465.
1040 1140 1163 1187 lynes-
1213 1147 1368 1180 Amores
1398 1150 1504 1182 etiam
1532 1153 1578 1183 ab
1600 1161 1645 1183 a-

918 1202 977 1234 liis
998 1202 1118 1243 poetis
1140 1203 1317 1247 flammae,
1339 1207 1513 1248 ardores,
1543 1208 1646 1249 ignes

919 1264 1097 1298 persaepe
1115 1260 1298 1290 vocantur
1304 1269 1316 1300 3
1339 1262 1379 1292 at
1392 1261 1459 1294 hoc
1472 1262 1558 1294 loco
1571 1271 1645 1295 non

918 1313 998 1344 sine
1020 1312 1172 1344 consilio
1195 1313 1247 1345 sic
1272 1314 1404 1347 dixisse
1424 1318 1522 1349 Naso
1539 1318 1644 1349 vide-

919 1364 1080 1408 tui-,ut
1110 1369 1156 1400 ad
1184 1369 1510 1410 frequentissimum
1545 1373 1646 1404 illum

918 1423 1012 1463 apud
1036 1424 1262 1465 Propertium
1284 1425 1387 1457 liuius
1408 1427 1578 1458 vocabuli
1601 1428 1647 1458 de

918 1478 1100 1510 amoribus
1124 1487 1225 1511 usum
1258 1481 1449 1513 alluderet.
1500 1483 1554 1513 De
1582 1482 1647 1514 illa

920 1533 1075 1564 Nasonis
1097 1534 1280 1576 elegantia
1292 1536 1475 1568 auudendi
1494 1534 1646 1569 diximus

920 1588 967 1619 ad
989 1589 1046 1629 11,
1079 1589 1154 1621 261.
1202 1591 1296 1622 Busl.
1324 1599 1437 1632 saepe
1463 1590 1565 1623 mihi.
1610 1594 1647 1624 11

921 1642 1042 1674 Heins.
1064 1645 1102 1676 et
1124 1645 1231 1677 Goth.
1253 1654 1433 1678 narrare.

964 1732 1019 1764 46.
1039 1730 1227 1763 sodalitii.
1257 1731 1445 1764 sodalitio
1462 1735 1533 1765 duo
1551 1733 1648 1766 scri-

922 1786 977 1826 pti
998 1786 1135 1827 Heius„
1169 1787 1276 1819 etiam
1299 1788 1406 1821 Goth.
1459 1789 1538 1828 Quo
1559 1787 1648 1820 milui

922 1841 998 1873 Pal.
1023 1841 1068 1882 1.,
1090 1842 1175 1874 Vat.
1199 1843 1252 1884 1.,
1273 1843 1350 1875 Pol.
1373 1844 1428 1886 2.,
1457 1845 1583 1885 Serv„
1613 1845 1649 1875 11

923 1896 987 1930 alii
1017 1896 1140 1929 Heins.
1150 1918 1166 1940 ‚
1209 1898 1299 1939 Reg.
1332 1907 1403 1940 pro
1433 1909 1470 1931 v.
1502 1908 1575 1931 scr.
1610 1902 1648 1931 et

922 1950 1043 1986 Guelt.

964 2006 1195 2040 Restituimus
1218 2007 1406 2048 sodalitio}
1442 2016 1522 2039 nam
1545 2008 1648 2040 adie-

922 2062 1056 2095 ctivum
1100 2062 1301 2095 sodalitius
1345 2064 1451 2095 etiam
1484 2063 1649 2095 incertae

921 2116 1152 2151 auctoritatis
1176 2121 1243 2151 est.
1293 2119 1376 2151 Vid.
1404 2121 1480 2150 not.
1510 2120 1555 2149 ad
1579 2110 1648 2159 ΚΠ,

922 2174 958 2215 3,
979 2174 1035 2205 2⁰.
1077 2173 1221 2206 Dictum
1244 2176 1363 2206 autem
1387 2174 1431 2204 de
1453 2181 1554 2205 more
1570 2174 1648 2204 Ro-

920 2236 1122 2270 manorum,
1153 2237 1223 2269 quo
1253 2229 1412 2260 homines
1443 2228 1649 2259 eorumdem

921 2284 1122 2316 studiorum
1150 2291 1261 2324 saepe
1291 2284 1338 2314 ad
1369 2282 1583 2314 sodalitates
1612 2283 1650 2314 et

923 2340 970 2370 ad
1012 2347 1159 2371 mensae
1203 2337 1486 2370 communionem
1520 2337 1650 2368 convi-

925 2395 1074 2434 ctusque
1094 2402 1176 2426 saee
1195 2393 1468 2434 coniungerent.
1498 2391 1582 2423 Vid.
1596 2391 1650 2432 V,

925 2449 980 2490 3.,
1007 2449 1169 2481 Forcell.
1192 2448 1229 2480 in
1250 2458 1310 2490 v„
1340 2447 1415 2480 Cic.
1438 2448 1483 2478 de
1505 2447 1650 2478 Senect.

926 2510 958 2534 c.
971 2502 1024 2534 13.
1069 2503 1173 2536 Conf.
1196 2504 1229 2545 1,
1252 2503 1289 2544 8,
1310 2504 1366 2535 29.
1389 2505 1426 2534 et
1446 2502 1591 2534 Ernest.
1612 2502 1650 2534 in

927 2557 1033 2590 Clavi
1063 2557 1138 2590 Cic.
1158 2557 1195 2589 in
1218 2568 1254 2589 v.
1311 2559 1535 2598 scripturam
1559 2565 1650 2590 con-

926 2612 1045 2645 firmat
1065 2613 1348 2653 sententiamque
1376 2613 1537 2645 illustrat
1562 2614 1649 2645 lust.

926 2668 1002 2699 XX.
1026 2676 1057 2699 c.
1079 2668 1112 2700 4.
1158 2667 1249 2700 Cum
1270 2667 1440 2699 sodalitii
1461 2668 1563 2710 iure,
1584 2677 1650 2699 sa-

927 2723 1122 2755 cramento
1154 2723 1315 2765 quodam
1354 2722 1454 2763 nexi,
1486 2732 1650 2764 separa-

929 2778 1006 2809 tam
1028 2786 1054 2809 a
1075 2778 1212 2810 ceteris
1234 2778 1375 2811 deibus
1395 2779 1514 2811 vitam
1536 2787 1650 2810 exer—-

928 2832 1060 2864 cer-ent
1077 2849 1122 2856 -—·
1141 2850 1188 2859 --
1209 2851 1262 2866 -.
1303 2835 1400 2867 Busl.
1421 2835 1580 2867 vinctus.

1295 2889 1388 2931 27*
