1846 3146
185 171 253 220 74

425 170 483 220 Ρ.
520 170 743 223 OVIDII
776 170 1092 223 NASONIS
1127 171 1469 224 TRISTIUM

182 291 256 342 Se
290 291 453 354 mod0‚
489 293 716 343 desertos
749 294 895 344 modo
930 295 1220 362 deplorasse
1242 295 1483 355 Penates,

1648 295 1712 344 95

249 376 443 425 Nomen
477 381 528 425 et
562 379 718 442 erepti
753 392 903 444 saepe
938 395 1150 429 vocasse
1185 381 1305 438 viri3

181 461 296 510 Neo
330 461 574 525 gemuisse
608 461 778 520 minus,
816 477 954 525 quam
989 464 1031 510 si
1066 467 1276 511 nataeve
1310 477 1531 511 meumve

247 541 475 591 Vidisset
509 546 723 591 structos
758 558 936 609 corpus
969 544 1151 594 habere
1185 561 1363 610 rogos:

181 625 249 674 Et
282 624 508 675 voluisse
539 627 678 686 mori,
711 626 962 678 moriendo
996 643 1180 694 ponere
1212 643 1403 694 sensus,

247 709 594 774 Respectuque
628 713 787 758 tamen
819 726 918 759 non
950 713 1159 776 periisse
1192 713 1299 760 mei.

1617 709 1714 759 100

180 791 353 852 Vivat,
391 796 457 867 et?
475 791 738 852 absentem,
776 795 1000 859 quoniam
1033 795 1106 843 sic
1139 794 1242 843 fata
1275 793 1505 852 tulerunt,

245 874 419 942 Vivat²
457 879 507 922 et
541 875 728 925 auxilio
764 875 995 925 sublevet
1028 892 1184 943 usque
1217 877 1332 926 suo!

179 1009 233 1042 94.
268 1008 390 1042 Guelf.
435 1002 590 1050 eyelida.
652 1010 744 1042 Tres
790 1010 912 1042 Heius.

179 1062 346 1096 madida.

224 1131 278 1163 95.
315 1130 560 1171 Deplorasse.
614 1130 736 1164 Guelf.
768 1135 835 1166 sub
864 1135 913 1167 li-

168 1188 280 1231 tura,
310 1186 386 1218 Pal.
421 1185 451 1217 1.
481 1187 520 1217 et
548 1186 604 1227 2.,
636 1186 715 1218 ΡοΙ.
746 1189 914 1230 uterque,

178 1241 339 1283 Pirckh.,
369 1242 475 1284 Reg.,
508 1242 603 1283 Put.,
641 1242 753 1284 Mor„
791 1244 914 1284 Serv„

178 1298 275 1329 Busl.
306 1305 330 1328 a
362 1296 390 1328 1.
425 1305 469 1329 m.
480 1319 493 1339 ,
526 1298 660 1330 Franc.
693 1299 730 1328 et
760 1298 829 1329 XV
853 1298 915 1329 alii

178 1351 365 1384 Heinsiani
387 1354 425 1384 et
447 1353 525 1384 eius
549 1353 608 1385 ed,
627 1361 682 1393 pr.
707 1354 744 1383 et
767 1353 822 1384 ed.
843 1354 916 1384 Bo-

176 1416 286 1451 uon.,
316 1410 418 1450 seg„
453 1408 598 1449 Dresd.,
631 1406 754 1448 Goth„
779 1406 915 1448 Berol„

178 1463 287 1496 Grev.
318 1466 355 1496 et
385 1463 466 1496 Rel.
497 1463 774 1503 complorasse,
806 1462 915 1503 quod,

176 1526 274 1551 nune
337 1518 575 1551 communiter
635 1521 821 1559 receptum
846 1535 863 1570 s
883 1517 915 1549 si

177 1582 327 1615 verum,
362 1574 415 1606 ita
446 1574 741 1616 intelligendum,
771 1577 810 1606 ut
834 1581 915 1605 com

178 1628 250 1660 vim
305 1629 436 1671 addat,
502 1630 606 1662 velut
659 1630 696 1661 in
755 1636 915 1660 comme-

179 1682 304 1716 ruisse
326 1685 376 1726 11,
399 1684 437 1727 4,
468 1685 712 1717 conclamare
734 1686 824 1716 Met.
847 1684 915 1725 VI,

176 1740 271 1782 227„
295 1734 534 1783 collaudare,
548 1738 691 1772 conniti
701 1739 801 1771 alibi.
835 1739 916 1771 Ve-

176 1804 257 1828 rum
286 1799 358 1827 tam
382 1796 455 1828 illis
478 1796 515 1829 in
538 1796 647 1838 loeis,
666 1790 761 1837 'quos
784 1795 916 1827 lauda-

176 1849 231 1882 vit
256 1850 424 1882 Heinsius
448 1859 469 1883 e
491 1852 592 1884 Flor.
616 1852 662 1883 11.
687 1860 718 1884 c.
743 1850 795 1882 15.
819 1852 857 1882 et
871 1852 916 1883 Α.

179 1905 277 1938 Gell.
300 1906 345 1938 N.
369 1907 413 1938 A.
438 1907 519 1938 XV.
543 1915 575 1938 e.
601 1905 655 1947 1.‚
690 1914 795 1946 quam
826 1914 916 1946 quos

179 1970 250 2003 ego
272 1961 417 2002 inspexi
438 1961 556 2003 alios,
580 1961 825 2000 commorare
847 1969 917 1992 no-

179 2019 314 2051 tionem
358 2017 548 2050 societatis
595 2017 714 2048 habet.
790 2018 917 2057 Itaque

177 2075 368 2116 vulgatam
391 2073 614 2113 deplorasse
631 2072 788 2105 restitui.
825 2073 915 2113 Reg.

181 2138 249 2169 pro
281 2139 314 2161 v.
347 2138 421 2161 scr.
450 2136 490 2160 se
518 2126 608 2159 tam.
670 2128 789 2170 Leid„
818 2127 916 2169 Bel„

179 2186 264 2227 seg.
296 2185 498 2217 desertam.
528 2200 573 2206 —-
610 2184 656 2216 V.
689 2185 743 2216 97.
778 2184 916 2225 Guelf„

177 2240 223 2271 fr.
254 2240 370 2282 Rev„
404 2241 533 2282 Bern.,
561 2239 706 2281 Berol.,
741 2241 798 2281 et,
822 2240 917 2271 teste

178 2296 407 2339 Burmanno,
460 2294 564 2327 multi
587 2294 708 2326 Heius.
731 2293 917 2334 nataeque

178 2358 381 2392 meu-mque.
429 2350 540 2384 Male.

221 2418 274 2449 99.
310 2417 428 2460 Mori,
442 2415 651 2449 moriendo.
698 2416 790 2458 Iun„
806 2415 912 2448 Goth.

177 2483 246 2516 pro
276 2484 310 2506 v.
335 2483 408 2506 scr.
440 2475 478 2505 et
509 2474 605 2505 Mor.
636 2472 673 2503 et
702 2470 912 2512 moriendo,

179 2530 273 2570 quod
291 2529 370 2560 sine
384 2529 516 2560 idonea
528 2536 659 2561 caussa.
672 2526 913 2559 induxitBur-

175 2593 336 2617 mannus.
347 2586 414 2626 ΙΙΙ,
423 2584 480 2627 11,
489 2586 520 2618 3.
530 2586 684 2617 —Bern.
696 2580 914 2615 moriendo-

175 2647 256 2681 que.
281 2641 310 2672 E
329 2643 456 2672 nostro
470 2640 642 2681 loquendi
660 2641 766 2671 modo
782 2645 915 2678 exspe-

178 2698 254 2728 ctes
279 2696 478 2736 deponere.
514 2696 636 2728 Latini
649 2697 840 2735 utrumque
860 2693 915 2724 di-

177 2754 277 2794 cunt,
291 2753 354 2783 sed
373 2752 522 2783 verbum
539 2751 692 2791 simplex
713 2753 831 2782 tamen
848 2748 916 2779 hoc

179 2815 288 2840 sensu
313 2806 539 2847 frequentius
563 2808 599 2838 et
622 2806 757 2840 rectius
780 2805 856 2843 IV,
881 2804 917 2843 8,

177 2863 231 2900 14.
282 2864 368 2895 Met.
394 2863 461 2903 111,
486 2861 561 2894 471.

1047 1007 1110 1036 Nec
1144 1007 1217 1035 mihi
1247 1014 1329 1035 mors
1362 1007 1466 1043 gravis
1494 1003 1552 1042 est,
1577 1007 1715 1042 posituro

1378 1054 1474 1080 morto
1481 1048 1485 1054 ’
1492 1051 1624 1079 dolores.

981 1090 1060 1131 Bel.

1045 1153 1086 1181 Et
1118 1154 1251 1182 voluisse
1277 1158 1363 1181 suum
1401 1152 1556 1181 moriendo
1599 1160 1714 1188 ponere

1377 1204 1509 1225 sensum.

1028 1268 1101 1300 100.
1138 1258 1224 1300 Non
1252 1266 1422 1308 periisse.
1480 1265 1587 1309 Quod
1620 1276 1715 1301 nunc

984 1325 1096 1365 vulgo
1115 1323 1252 1366 legitur
1272 1323 1454 1365 posuisse,
1478 1324 1657 1356 Heinsius
1670 1332 1716 1356 ex

985 1389 1056 1412 uno
1081 1380 1176 1411 Gall.
1200 1379 1350 1412 induxit.
1395 1380 1538 1420 Reliqui
1553 1381 1657 1412 codd.
1678 1381 1716 1412 et

983 1438 1072 1468 vett.
1085 1436 1164 1467 edd.
1185 1443 1311 1467 omnes
1333 1435 1506 1476 periisse,
1529 1435 1598 1467 nisi
1621 1437 1716 1476 quod

983 1498 1061 1522 exc.
1093 1491 1218 1533 Voss„
1250 1492 1343 1532 lun„
1373 1492 1505 1523 Frano.
1543 1494 1580 1523 et
1608 1493 1716 1523 Bern.

981 1556 1055 1579 non
1078 1545 1240 1578 voluisse
1262 1546 1454 1589 habebant.
1499 1546 1595 1577 Busl.
1628 1548 1666 1578 et
1693 1554 1717 1577 a

983 1605 1140 1635 correct.
1164 1602 1295 1635 Dresd.
1317 1600 1586 1633 meh-tamen.

1027 1690 1102 1722 101.
1142 1689 1254 1722 Vivat
1277 1689 1314 1721 et
1335 1687 1526 1721 absentem
1548 1689 1617 1720 etc.
1653 1690 1716 1722 Sic

983 1747 1072 1778 vett.
1101 1746 1188 1778 libri
1219 1753 1353 1778 omnes.
1399 1745 1474 1778 Sed
1505 1747 1716 1786 corruptum

983 1802 1107 1834 locum
1130 1809 1211 1833 esse
1235 1802 1396 1833 constat:
1420 1808 1537 1842 neque
1553 1801 1645 1833 enim
1655 1800 1716 1833 vi-

983 1858 1053 1890 vat
1074 1858 1164 1890 illud
1180 1858 1342 1889 secundo
1362 1857 1449 1889 loco
1462 1856 1618 1897 positum
1629 1862 1718 1888 sen—

983 1921 1062 1945 sum
1091 1913 1183 1945 facit
1213 1913 1448 1945 commodum.
1507 1902 1718 1944 Desiderari

983 1976 1075 2001 vero
1100 1969 1267 2010 verbum,
1291 1969 1386 2009 quod
1408 1967 1509 1999 amet
1530 1967 1634 1998 notet
1655 1966 1717 1998 vel

982 2025 1114 2066 simile,
1138 2032 1158 2055 e
1180 2024 1266 2056 loco
1291 2023 1400 2064 plane
1419 2021 1562 2063 gemino
1578 2020 1716 2062 colligo

982 2081 1039 2123 V,
1069 2083 1111 2122 5,
1141 2081 1194 2112 23.
1232 2078 1340 2112 vivat
1373 2077 1543 2118 ametque
1579 2075 1715 2108 virum.

983 2137 1161 2169 Fortasse
1189 2133 1380 2175 scripserit
1409 2132 1536 2165 servet
1565 2132 1602 2166 et
1623 2125 1714 2166 aux.
1779 2127 1785 2131 ’

983 2191 1161 2224 Francius
1185 2189 1353 2222 volebat:
1381 2187 1454 2219 illa
1476 2186 1601 2220 virum
1623 2196 1715 2220 aum.

983 2246 1121 2278 BURM.
1167 2245 1338 2286 Scaliger
1365 2244 1536 2277 coniecit:
1563 2244 1660 2277 tutet
1679 2245 1718 2277 et

983 2311 1074 2334 auoe.
1120 2303 1210 2334 Dan.
1234 2300 1416 2333 Heinsius:
1448 2298 1544 2332 tutet
1565 2299 1605 2331 et
1624 2307 1715 2331 aux.

983 2361 1082 2391 Idem
1103 2357 1143 2390 di
1166 2356 1266 2398 dent,
1289 2354 1329 2388 ai
1349 2354 1480 2398 facite,
1505 2354 1545 2388 ai
1567 2355 1656 2388 date
1673 2356 1718 2388 ut

981 2423 1072 2446 aum.
1140 2413 1344 2445 Schrader:
1391 2410 1502 2442 curet
1547 2411 1584 2443 et
1623 2419 1714 2442 auat.

980 2469 1218 2502 Medenbach.
1263 2466 1436 2501 vvakker
1458 2477 1494 2499 v.
1512 2465 1596 2498 1101.
1618 2466 1716 2497 scri-

982 2526 1107 2557 bebat:
1139 2522 1294 2556 absenti.
1342 2522 1568 2556 Gronovius:
1600 2520 1717 2568 τζίυαί,

982 2581 1026 2612 ut
1036 2588 1139 2621 aum„
1162 2579 1342 2621 probante
1354 2577 1553 2620 Merkelio,
1577 2577 1638 2618 qui
1658 2578 1716 2609 in-

984 2636 1228 2677 terpretatur:
1259 2633 1382 2676 vivat,
1413 2634 1450 2666 et
1478 2632 1536 2665 ita
1569 2631 1717 2674 quidem

983 2689 1102 2731 vivat,
1126 2690 1170 2722 ut
1191 2690 1380 2722 absentem
1409 2690 1500 2732 eta,
1524 2697 1594 2729 quo
1619 2688 1716 2720 diffl-
1752 2727 1781 2747 .-

985 2747 1103 2779 cultas
1126 2746 1199 2778 loci
1210 2769 1223 2787 ,
1247 2754 1338 2787 quae
1362 2748 1418 2778 est
1438 2745 1476 2777 in
1499 2738 1717 2782 interposito

985 2803 1051 2834 illo
1075 2803 1196 2834 altero
1221 2800 1329 2833 vivat
1351 2801 1446 2833 inter
1470 2799 1657 2832 absentem
1679 2801 1717 2830 et

987 2859 1157 2899 verbum,
1189 2858 1233 2888 ad
1267 2858 1360 2897 quod
1391 2857 1563 2897 pertinet,
1591 2854 1718 2887 suble-
