1846 3146
184 137 284 215 214

427 162 484 212 P.
520 161 744 212 ovmll
776 158 1092 213 NASONIS
1127 159 1471 239 TRISTIUM

184 285 254 336 Ut
286 297 428 348 mage
461 285 601 335 velle
634 287 775 349 sequi
807 286 934 334 sciat
965 289 1017 334 et
1049 298 1292 334 revocare
1324 285 1552 351 priorem,

251 367 335 417 Ne
368 372 473 417 tuto
502 367 705 432 ,fugiens
739 370 1046 417 incomitatus
1081 373 1175 417 eat.

184 451 353 502 Parva
385 451 529 500 sedet
559 453 712 501 ternis
745 453 983 500 instructa
1015 449 1200 500 tabella
1233 444 1438 516 lapilli‘s,

1618 363 1719 415 480

250 535 311 584 Ιιι
345 551 438 599 qua
471 536 658 591 vicisse
692 540 770 584 est
801 535 1113 584 continuasse
1147 550 1295 595 suos;

188 685 494 727 disponebantur,
528 686 611 719 hinc
640 688 748 728 atque
776 686 860 718 inde
884 685 921 718 in

189 743 327 774 turmas
362 741 483 784 divisi,
513 742 623 774 alteri
651 742 783 774 milites
821 742 922 779 (inde

185 795 293 828 miles
315 795 517 839 discolor),
540 797 650 829 alteri
662 798 795 830 hostes.
825 798 922 829 Pro-

187 852 430 885 movebantur
452 852 566 884 multa
589 854 685 894 arte,
702 861 748 885 ne
765 854 923 886 circum-

186 907 305 941 veniri
328 908 373 940 ab
397 908 502 939 hoste
524 910 682 948 possent.
727 909 857 950 Siquis
881 917 924 941 e-

187 964 259 995 nim
283 963 447 995 calculus
475 963 706 996 incomitatus
736 973 759 996 a
783 966 922 998 duobus

187 1019 270 1051 aliis
295 1019 431 1054 dlversi
461 1019 598 1052 coloris
634 1020 922 1053 circumvenim-

187 1076 264 1117 tur,
297 1074 396 1106 vinci
429 1076 468 1107 et
502 1075 584 1116 capi
619 1076 822 1117 dicebatur,
853 1083 923 1116 qua

189 1131 346 1171 propter
369 1131 477 1162 recto
501 1125 620 1163 limite
646 1132 708 1163 vel
739 1132 836 1164 serie
860 1133 923 1164 aut

186 1186 240 1218 ita
262 1186 518 1228 movebantur,
541 1189 582 1219 ut
603 1187 742 1219 retrahi
758 1189 922 1229 possent,

187 1242 252 1274 aut
289 1243 330 1273 ut
369 1242 575 1274 adversarii
614 1243 747 1274 milites
787 1242 856 1282 ipsi
884 1243 923 1275 in

185 1297 390 1339 periculum
419 1297 661 1329 incurrerent.
705 1298 923 1341 Forcellini,

189 1354 250 1393 qui
277 1353 405 1384 laudat
433 1353 564 1384 Isidor.
599 1353 698 1394 Orig.
735 1354 868 1386 XVIII.
892 1362 923 1386 c.

190 1407 259 1453 63„
283 1409 388 1441 Auct.
413 1409 547 1448 paneg.
572 1408 618 1439 ad
642 1407 760 1440 Pison.
780 1418 815 1440 v.
832 1409 923 1451 180„

189 1453 344 1497 Salmas.
377 1464 424 1495 ad
456 1464 608 1504 Vopisc.
643 1464 680 1496 in
708 1464 855 1495 Procul.
891 1472 922 1496 c.

191 1521 267 1563 13.,
297 1519 431 1559 Pollux
459 1519 520 1552 IX.
553 1527 585 1553 c.
615 1519 647 1551 7.
699 1520 780 1552 Art.
809 1521 854 1553 A.
875 1521 926 1563 11,

190 1577 268 1612 207.

256 1650 329 1682 Sive
363 1649 518 1679 latrocinii
552 1649 607 1678 sub
634 1648 766 1685 imagine
790 1651 927 1678 calculus

587 1694 660 1723 ibit:

306 1741 371 1770 Fac
399 1743 506 1777 pereat
535 1739 633 1768 vitreo
659 1740 747 1769 miles
775 1742 812 1769 ab
839 1742 928 1770 hoste

588 1787 669 1815 tuus.

181 1837 274 1869 *Art
298 1836 342 1867 A.
366 1836 434 1877 111,
453 1835 529 1866 353.

258 1910 358 1938 Parva
379 1915 503 1937 monere
527 1908 637 1943 pudet:
668 1908 798 1935 talorum
816 1907 928 1936 ducere

593 1952 691 1980 iactus

308 1996 350 2025 nt
372 1997 465 2030 sciat,
502 1999 534 2024 et
550 1997 652 2030 vires,
689 1998 806 2025 tessera
823 1997 927 2032 missa,

592 2044 677 2076 tuas3

259 2087 302 2116 Et
322 2086 411 2114 modo
437 2087 501 2116 tres
522 2085 637 2114 iaculet
662 2093 821 2121 numeros,
840 2087 928 2116 modo

591 2129 717 2164 cogitet,
736 2133 807 2165 apte

313 2172 409 2211 Quam
427 2173 535 2203 subeat
551 2177 668 2210 partem
687 2175 808 2210 callida,
824 2184 930 2213 quam-

595 2228 654 2255 que
671 2223 778 2255 vocet3

262 2263 417 2300 Cautaque
444 2272 504 2293 non
529 2265 621 2293 stulte
645 2265 796 2292 latronum
813 2267 932 2302 proelia

596 2310 692 2343 ludat,

311 2351 396 2382 ‘Unus
430 2360 497 2380 cum
527 2354 647 2389 gemino
679 2355 814 2383 calculus
843 2357 932 2386 hoste

594 2398 693 2432 perit;

261 2442 457 2477 Bellatorque
480 2451 535 2472 sua
560 2451 689 2479 prensus
707 2443 773 2471 sine
793 2451 932 2479 compare

596 2487 702 2520 bellet,

312 2530 457 2562 Aemulus
476 2533 507 2559 et
524 2533 661 2566 coeptum
686 2539 778 2567 saepe
795 2536 934 2562 recurrat

594 2575 665 2603 iter.

197 2647 278 2678 Huc
306 2645 467 2686 pertinet
497 2647 630 2688 Paneg.
663 2645 701 2678 in
737 2644 857 2678 Pison.
894 2656 930 2679 v·

199 2701 274 2736 187.
297 2709 416 2742 seqq.:

264 2792 298 2797 -
315 2793 349 2797 -
365 2791 400 2799 —-
415 2792 450 2797 —-
466 2776 516 2803 hic
534 2783 567 2803 se
589 2775 775 2803 committere
793 2774 879 2803 rixae

265 2821 376 2857 Audet,
403 2823 434 2849 et
458 2821 489 2848 in
512 2820 653 2856 praedam
680 2820 852 2848 venientem
876 2820 931 2848 de-

597 2865 673 2900 cipit
690 2866 822 2894 hostem:

1051 680 1209 717 Ancipites
1228 680 1311 710 subit
1328 679 1395 716 ipse
1412 685 1524 713 moras,
1547 677 1724 714 similisque

1384 723 1480 759 ligato

1054 770 1176 804 Obligat
1194 769 1260 805 ipse
1278 769 1365 796 dnos.

1032 837 1108 871 478.
1142 838 1220 870 Ιιιιι.
1244 835 1366 870 cadit.
1429 837 1558 870 Dresd.
1581 833 1723 867 mediis.

1033 915 1109 947 479.
1151 914 1201 946 Ut
1219 922 1331 955 maye
1357 914 1454 946 velle
1484 912 1590 955 sequi
1612 912 1724 955 sciat,

988 971 1023 1003 h.
1053 979 1084 1003 e.
1117 971 1295 1012 quomodo
1330 970 1438 1012 sciat,
1478 970 1591 1011 magis
1621 970 1724 1002 velle

989 1027 1090 1067 sequi
1113 1030 1150 1059 et
1172 1027 1334 1067 priorem
1356 1034 1554 1068 revocare,
1570 1027 1607 1057 et
1631 1033 1724 1066 quo-

989 1084 1095 1114 modo
1121 1083 1248 1115 tuto1f.
1271 1090 1344 1114 non
1368 1081 1608 1114 incomitatus.
1649 1081 1725 1112 Bes

990 1139 1175 1179 explicata
1206 1139 1263 1170 est
1292 1138 1338 1169 ad
1366 1145 1403 1170 v.
1426 1137 1504 1170 477.
1548 1136 1727 1170 Nonnulli

991 1194 1136 1225 codices
1159 1194 1196 1225 in
1218 1193 1402 1234 scriptura
1424 1193 1528 1226 huius
1548 1191 1728 1224 versiculi

989 1249 1152 1280 variant:

990 1304 1034 1335 ut
1047 1304 1148 1335 male
1169 1303 1268 1335 velle
1289 1311 1457 1345 sequen-e,
1481 1302 1602 1335 Guelf.
1625 1303 1665 1333 et
1686 1301 1723 1334 11

990 1359 1113 1391 Heius.
1138 1359 1182 1390 ut
1202 1359 1302 1390 male
1324 1359 1424 1389 velle
1441 1356 1602 1398 sequeus
1616 1355 1728 1397 sciat,

991 1413 1099 1447 Crev.
1119 1420 1250 1454 seque,¹
1261 1414 1390 1450 (Comb.
1402 1420 1526 1454 maycr,
1537 1414 1590 1445 111
1600 1412 1728 1444 Heius.

991 1468 1167 1509 mavelle,
1190 1469 1270 1500 Bel.
1294 1470 1338 1500 ut
1356 1470 1463 1510 pede,
1486 1476 1580 1509 quae
1602 1467 1729 1500 varie-

992 1526 1086 1557 tates
1110 1531 1157 1554 ex
1178 1526 1286 1564 parte
1307 1524 1391 1556 inde
1413 1526 1522 1555 natae
1541 1523 1729 1564 videntur,

956 1612 958 1615 ,
993 1581 1087 1621 quod
1109 1578 1252 1612 librarii
1274 1580 1373 1612 illam
1388 1578 1643 1622 periphrasin
1628 1571 1726 1609 velle

993 1635 1098 1678 sequi
1127 1644 1196 1677 pro
1230 1632 1340 1676 sequa·
1361 1643 1435 1666 non
1466 1634 1555 1666 satis
1584 1632 1727 1666 intelli-

993 1694 1133 1733 gerent.
1178 1688 1261 1724 V'id.
1285 1691 1330 1722 ad
1352 1693 1388 1723 v.
1412 1689 1489 1722 204.
1512 1690 1551 1723 et
1572 1690 1619 1721 ad
1641 1690 1729 1722 Her.
1752 1712 1755 1717 ,

994 1750 1096 1790 XIX,
1119 1748 1194 1780 172.
1218 1748 1257 1779 et
1277 1746 1377 1788 XXI,
1402 1745 1458 1778 58.

1039 1798 1188 1850 Merkel
1215 1812 1391 1846 coniecit.

1062 1887 1103 1916 Ut
1124 1887 1203 1915 male
1225 1887 1307 1919 bella
1331 1892 1462 1922 sequens
1485 1886 1565 1915 cient
1589 1890 1732 1918 revocet·

1391 1939 1449 1968 que
1466 1931 1608 1967 priorem.

1039 2001 1117 2034 480.
1150 2000 1242 2032 Nec.
1289 2000 1456 2032 Heinsius
1485 2009 1560 2034 non
1581 2001 1730 2033 intelle-

997 2060 1058 2090 cta
1079 2056 1155 2088 loci
1177 2056 1360 2087 sententia
1382 2063 1428 2087 ex
1449 2055 1569 2097 libris,
1588 2058 1628 2088 ut
1650 2057 1732 2097 ipse

997 2114 1136 2154 quidem
1166 2095 1308 2151 scribit,
1345 2109 1442 2141 dedit
1471 2118 1529 2152 ne,
1560 2112 1655 2152 quod
1684 2120 1731 2144 ex

997 2167 1160 2200 omnibus
1183 2167 1300 2198 adhuc
1331 2165 1477 2198 collatis
1508 2167 1611 2198 codd.
1634 2174 1730 2198 non-

997 2224 1065 2255 nisi
1105 2223 1294 2255 Gothanus
1335 2223 1372 2253 et
1405 2221 1590 2254 inferioris
1620 2225 1731 2255 notae

997 2278 1219 2313 Belandinus
1243 2277 1427 2318 exhibent,
1438 2285 1556 2318 neque
1568 2278 1605 2310 in
1617 2279 1731 2310 Hein-

998 2335 1043 2368 sii
1073 2333 1309 2375 autographis
1345 2341 1506 2379 usquam(
1527 2334 1732 2375 reperitur3

999 2393 1036 2422 et
1048 2398 1141 2422 vero
1166 2398 1188 2421 a
1210 2389 1413 2420 sententiae
1436 2389 1578 2422 ratione
1597 2388 1731 2420 abhor-

998 2448 1073 2478 ret:
1097 2454 1179 2477 nam
1202 2445 1246 2476 ut
1266 2446 1299 2477 h.
1322 2444 1347 2476 1.
1355 2465 1371 2487 ,
1400 2445 1441 2476 ut
1473 2443 1732 2485 praediximus,

999 2503 1056 2535 est
1078 2500 1278 2543 quomodo.

1044 2579 1121 2612 481.
1155 2578 1289 2611 Parra
1310 2576 1433 2610 sedet.
1448 2600 1457 2609 .
1503 2540 1587 2609 pat.
1611 2574 1641 2607 1.
1665 2575 1733 2607 sed

998 2633 1170 2666 internis.
1228 2635 1294 2667 Ed.
1328 2642 1384 2674 pr.
1413 2634 1452 2665 et
1479 2639 1570 2664 unus
1601 2630 1669 2662 sed
1691 2630 1736 2662 ut

1000 2690 1131 2722 ternis.
1178 2690 1254 2722 Pal.
1272 2691 1303 2723 2.
1319 2690 1384 2721 sed
1395 2685 1564 2720 interius.
1586 2685 1732 2718 Pirckh.
1786 2713 1801 2725 ,

1000 2745 1124 2778 trinis.
1178 2747 1286 2777 Herc.
1316 2742 1446 2775 ter-116⁸.
1497 2744 1596 2776 Unus
1628 2742 1735 2774 tene-

998 2801 1067 2833 ris.
1116 2800 1248 2832 Parva
1270 2799 1376 2832 sedet
1396 2798 1472 2831 noli
1484 2800 1635 2831 mutare.
1669 2799 1732 2830 Iu-

998 2864 1082 2888 ven.
1105 2856 1181 2888 Sat.
1203 2858 1235 2897 1,
1258 2857 1311 2889 95.

1176 1246 1254 1281 Pol.
1280 1248 1310 1280 1.
1330 1239 1367 1280 'et
1383 1239 1431 1291 2.·,
1445 1246 1725 1288 serv.,1>irck11.
1748 1282 1749 1286 ,
1814 1266 1822 1272 .
