1846 3146
0 226 13 336 *mvn-..-

608 147 742 202 LIB.
776 147 866 201 Iv.
916 143 1118 198 FLEG.
1149 144 1217 201 X.

1578 144 1676 196 423

161 270 336 332 Molle,
371 268 666 337 Cupidineis
699 285 791 324 nec
822 266 1202 334 inexpugnabile
1234 265 1348 315 telis
1611 266 1676 315 65

224 343 328 404 Cor
359 352 487 412 mihi,
524 352 752 417 quodque
782 351 914 402 levis
949 363 1097 399 causa
1129 354 1366 408 moveret,
1401 353 1518 397 erat.

160 433 285 487 Cum
317 440 476 484 tamen
505 434 592 490 hie
626 449 800 494 essem,
835 434 1121 495 minimoque
1155 430 1455 481 accenderer
1486 432 1617 495 igne,

224 518 437 567 Nomine
471 517 563 574 sub
597 521 766 565 nostro
800 515 969 565 fabula
1001 515 1137 564 nulla
1174 514 1279 562 fuit.

158 600 326 650 Paene
356 599 472 652 mihi
504 613 658 666 puero
691 613 787 648 nec
820 597 970 662 digna
1001 612 1094 651 nee
1126 596 1261 645 utilis
1296 612 1422 645 uxor

225 672 320 731 Est
353 681 483 742 data,
511 696 645 746 ‚quae
678 686 865 747 tempus
898 696 988 747 per
1022 680 1175 731 breve
1208 684 1357 745 nupta
1391 679 1495 728 fuit.
1614 680 1679 728 70

162 764 247 812 nli
279 753 519 815 successit
553 766 773 829 quamvis
804 766 911 813 sine
945 765 1144 813 erimine
1179 764 1375 822 coum,

225 846 344 897 Non
376 851 535 895 tamen
568 848 620 897 in
650 852 820 918 nostro
854 847 988 896 firma
1020 846 1183 899 futura
1214 850 1337 894 toro.

159 1015 256 1059 Pac,
275 1017 333 1049 VI
354 1015 418 1049 alii
439 1017 579 1061 Heius„
601 1019 722 1052 Berol.
750 1021 787 1052 et
808 1020 887 1053 Bel.

160 1071 261 1104 tnnc.
306 1072 390 1114 seg.
413 1079 437 1104 a
460 1072 490 1105 1.
513 1081 559 1105 m.
581 1072 771 1106 nocitura.

204 1149 259 1186 65.
291 1147 421 1186 Molle.
464 1150 569 1182 Pont.
592 1152 625 1193 1,
648 1151 684 1193 3,
707 1149 761 1183 32.

226 1221 379 1251 Confiteor
400 1223 511 1252 misero
536 1225 627 1252 molle
650 1231 703 1252 cor
720 1231 788 1252 esse
805 1224 887 1252 mihi.

163 1290 268 1333 Conf-
289 1292 388 1335 Eust-
412 1293 490 1335 IV,
520 1294 552 1326 4.
579 1311 624 1317 —
653 1294 751 1325 Busl.
778 1293 890 1335 atque

160 1346 422 1389 &nmqnabila
466 1348 552 1382 Vid.
570 1350 615 1380 ad
631 1350 665 1390 I,
679 1352 715 1391 5,
731 1350 786 1382 28.
813 1350 889 1382 Ne-

162 1413 231 1447 que
274 1402 494 1445 vocabulum
538 1402 757 1444 cupidineus
805 1408 889 1438 ante

162 1461 345 1499 Hminem
367 1458 567 1500 reperitur,
590 1460 627 1491 et
649 1460 694 1491 ab
716 1460 890 1502 eokpoEta

163 1515 309 1554 videtur
331 1516 516 1554 novatum.

205 1592 259 1624 67.
293 1589 367 1622 Hie
389 1599 518 1623 essem.
562 1590 625 1623 Sic
646 1592 722 1623 Pal.
747 1591 777 1624 1.
793 1595 830 1624 et
841 1592 891 1634 2.,

163 1648 261 1681 Gall.
272 1668 287 1689 ,
330 1647 442 1688 Regu,
486 1647 586 1688 Iun.,
630 1646 744 1688 Leid.,
774 1648 807 1679 X
828 1646 891 1679 alii

162 1703 285 1736 Heius.
315 1703 355 1734 et
383 1702 540 1734 eiusdem
570 1701 649 1732 edd.
679 1710 733 1741 pr.
740 1723 754 1743 ,
783 1702 890 1735 Crev.

164 1761 204 1791 et
223 1759 315 1790 vett.
337 1757 418 1788 edd.
441 1758 588 1796 praeter
610 1757 769 1798 Bonon.,
801 1766 892 1798 quae

164 1812 350 1853 scriptura
373 1813 475 1842 certe
497 1811 616 1851 aptior
639 1812 676 1841 et
689 1811 892 1852 elegantior

166 1870 238 1910 est,
259 1874 365 1907 quam
386 1865 611 1905 reliquorum
625 1867 729 1898 codd.
742 1866 812 1898 hoc
833 1875 892 1898 es-

166 1929 253 1952 sem.
276 1937 322 1944 —
342 1921 420 1952 Put.
442 1920 513 1951 Ιιοσ
536 1921 649 1961 esset,
678 1929 752 1952 nou
782 1920 892 1962 male,

166 1978 269 2008 certe
290 1975 417 2007 melius
439 1976 593 2017 vulgata
613 1975 683 2007 hoc
696 1983 822 2007 essem.
846 1992 891 1998 ——

165 2031 262 2063 Busl.
283 2028 346 2063 1060
367 2029 473 2062 esset.
524 2032 613 2063 XIII
635 2030 772 2072 Heius„
804 2032 888 2073 seg.

165 2088 204 2118 et
225 2086 331 2119 Goth.
348 2084 549 2127 nimioque.
581 2087 683 2118 Idem
700 2087 790 2118 vett.
811 2087 890 2118 edd.

167 2141 263 2182 Gall.
283 2141 495 2182 mutuoque.
560 2182 568 2184 ζ

211 2196 283 2228 Pro
311 2193 396 2235 ique
423 2194 591 2227 Heinsius
624 2202 671 2226 ex
703 2201 774 2225 uno
796 2193 891 2225 Rot-

168 2249 280 2291 tend„
303 2249 362 2281 cui
382 2250 525 2285 accedit
546 2250 676 2282 Dresd.
700 2257 779 2281 cum
802 2250 891 2280 vett.

169 2304 249 2335 edd.
260 2325 276 2345 ,
317 2298 457 2336 induxit
494 2302 592 2345 {ymb
646 2305 725 2338 sine
763 2306 894 2337 idonea

171 2365 320 2400 caussa,
354 2360 394 2390 ut
428 2358 591 2399 pluribus
628 2359 813 2391 docuimus
848 2360 894 2390 ad

171 2414 257 2445 Her.
279 2413 354 2454 IV,
389 2412 442 2444 13.
493 2410 584 2445 Nam
605 2415 785 2455 syllabam
806 2415 895 2446 bre-

171 2475 253 2500 vem
275 2468 311 2499 in
334 2467 405 2499 fine
432 2468 630 2500 hexametri
657 2477 768 2510 nunc,
790 2472 895 2509 post-

170 2530 275 2564 quam
298 2530 382 2554 usus
405 2522 596 2562 poetarum
616 2523 742 2555 melius
766 2524 895 2564 cogni-

172 2580 230 2610 tus
266 2580 347 2619 est,
390 2585 495 2609 nemo
529 2578 682 2618 amplius
726 2579 895 2611 fastidiet.

103 2625 105 2627 ’
172 2633 276 2666 oonf.
299 2635 357 2675 v,
388 2632 451 2674 14,
482 2632 535 2664 13.
558 2632 634 2674 ιι,
665 2633 718 2673 v,
744 2632 801 2674 13,
824 2633 894 2674 ει,

170 2688 220 2729 V,
244 2688 302 2729 12,
324 2689 377 2720 65.
401 2691 439 2721 et
460 2688 532 2720 vid.
554 2690 629 2720 not.
650 2689 698 2720 ad
718 2690 808 2721 Met.
829 2690 896 2730 XI,

94 2735 97 2737 ’
168 2745 245 2776 563.

213 2819 269 2852 68.
302 2819 463 2861 Fabula,
486 2821 579 2861 quod
595 2820 687 2853 alius
699 2819 897 2861 elegiarum

954 1018 1115 1059 scriptor
1136 1014 1337 1048 historiam
1364 1016 1548 1058 appellat,
1580 1015 1680 1049 Naso

953 1081 1066 1114 saepe
1103 1073 1148 1104 de
1179 1079 1349 1104 sermone
1386 1071 1531 1112 publico
1565 1071 1610 1102 de
1639 1079 1682 1103 re

954 1128 1134 1169 impudica
1168 1135 1213 1159 ac
1243 1127 1340 1167 turpi
1368 1128 1531 1166 usurpat.
1593 1127 1681 1158 Met.

955 1185 1000 1216 de
1027 1183 1251 1224 amplexibus
1279 1182 1410 1215 Martis
1439 1189 1485 1213 ae
1509 1180 1681 1212 Veneris:

964 1287 966 1289 ,
1019 1271 1303 1279 ——————
1325 1254 1428 1290 superi
1446 1254 1553 1287 risere,
1571 1252 1682 1288 diuque

1020 1302 1104 1330 Ilaec
1138 1300 1197 1329 fuit
1228 1300 1261 1328 in
1295 1302 1358 1329 toto
1394 1298 1552 1371 nlotissima
1580 1297 1683 1326 tabula

1350 1350 1447 1372 coeo.

955 1406 1079 1437 Amor.
1102 1405 1173 1446 III,
1195 1404 1232 1446 1,
1254 1401 1309 1435 21.

1019 1488 1146 1521 Fabula,
1164 1487 1238 1520 (nee
1259 1485 1480 1558 senmfi)bt⁰ta
1500 1483 1625 1512 iactaris
1650 1483 1683 1510 in

1373 1537 1389 1557 r
1411 1537 1438 1557 e.

956 1602 1039 1636 Vid.
1060 1601 1137 1634 Tib.
1160 1603 1200 1643 1,
1233 1601 1276 1642 4,
1306 1600 1383 1640 83„
1416 1597 1616 1631 Mitscherl.
1639 1598 1686 1629 ad

958 1656 1046 1690 Hor.
1080 1657 1195 1697 Epod.
1223 1657 1295 1697 xl,
1335 1655 1367 1687 8.
1396 1656 1434 1685 et
1458 1655 1609 1694 Rupert.
1637 1654 1684 1685 ad

958 1715 1037 1745 Iuv.
1059 1713 1136 1744 sat.
1157 1713 1190 1754 1,
1212 1711 1289 1743 145.
1309 1727 1354 1733 —-
1375 1711 1430 1743 De
1448 1708 1604 1742 Nasonis
1626 1708 1687 1740 iu-

958 1766 1132 1808 tegritate
1161 1760 1300 1798 morum
1322 1765 1393 1798 vid.
1415 1768 1491 1801 not.
1513 1765 1559 1797 ad
1588 1765 1621 1806 1,
1646 1764 1685 1806 9,

958 1823 1013 1855 60.

1001 1908 1056 1940 69.
1087 1907 1215 1947 Paene
1245 1905 1338 1939 milei
1370 1915 1502 1950 puero.
1563 1906 1685 1949 Quoto

956 1970 1068 2004 auno,
1079 1971 1153 1996 non
1162 1963 1291 2003 liquet:
1313 1964 1351 1994 at
1365 1962 1457 1994 illud
1479 1965 1603 1994 notum
1616 1965 1687 2004 est,

957 2018 1053 2057 apud
1078 2018 1261 2050 Romanos
1294 2018 1415 2059 pueris
1449 2018 1537 2050 XIV
1568 2026 1687 2050 anno-

956 2081 1037 2105 tum
1065 2075 1103 2106 et
1131 2074 1263 2114 puellis
1298 2075 1368 2105 XII
1398 2074 1564 2111 (iustum)
1594 2074 1688 2105 inire

960 2129 1223 2162 matrimonium
1267 2137 1334 2170 per
1377 2129 1480 2169 leges
1528 2127 1686 2159 licuisse.

956 2184 1121 2217 macrob.
1144 2186 1291 2216 saturn.
1312 2186 1339 2216 I.
1354 2192 1385 2216 c.
1398 2184 1429 2215 9.
1474 2184 1606 2215 Parum
1618 2189 1687 2213 au-

958 2241 1030 2271 tem
1053 2239 1335 2279 honeste-poeta
1351 2239 1513 2279 loquitur
1531 2239 1575 2269 de
1594 2246 1687 2269 uxo-

958 2302 1000 2325 re
1022 2302 1089 2326 sua.
1110 2302 1155 2326 ao
1177 2294 1287 2326 rebus
1316 2293 1531 2325 domesticis.
1551 2309 1596 2316 -—·
1613 2293 1686 2324 Pro

957 2355 1030 2387 per
1052 2347 1164 2380 breve
1194 2349 1306 2389 vulgo
1334 2343 1470 2389 legitur
1489 2347 1687 2388 perbreve,

961 2401 1027 2434 sed
1046 2406 1134 2436 vett.
1156 2403 1241 2436 libri
1261 2411 1334 2443 per
1362 2402 1474 2435 breve
1498 2404 1593 2444 quod
1615 2411 1686 2443 po·-

961 2458 1078 2490 eticae
1096 2459 1252 2491 orationi
1269 2460 1381 2500 magis
1396 2456 1685 2491 consentaneum.

961 2530 1005 2535 —
1028 2515 1120 2555 Iun.,
1142 2516 1238 2546 Mor.
1262 2516 1298 2545 et
1325 2515 1359 2545 11
1384 2513 1447 2545 alii
1470 2513 1590 2545 Heius.
1611 2520 1687 2552 per

962 2569 1106 2610 tempus
1129 2577 1223 2610 quae
1246 2567 1367 2600 breve.
1411 2569 1511 2602 Gott-
1529 2570 1567 2600 et
1585 2568 1687 2600 Rich.

959 2623 1051 2663 post
1072 2623 1194 2655 breve.

1005 2711 1058 2745 71.
1094 2710 1271 2750 Quamvis
1291 2708 1371 2742 sine
1395 2702 1565 2744 crimine.
1611 2714 1687 2744 Iun.

961 2764 1107 2807 quovis.
1150 2765 1232 2798 vm.
1254 2767 1306 2807 11,
1330 2765 1403 2798 11⁰.
1427 2781 1471 2788 —
1487 2767 1533 2798 v.
1556 2767 1610 2798 72.
1634 2769 1688 2800 111

963 2820 1084 2853 neins.
1106 2828 1174 2853 nec
1197 2821 1332 2853 tamen.
1381 2820 1465 2863 Seg.
1487 2819 1602 2863 digna
1622 2820 1688 2864 fu-
