1846 3146
221 227 371 260 xxxa
773 178 1192 263 pmmmo.

218 332 438 383 breviter
472 333 693 399 exposui.
760 333 858 382 Illa
891 338 1064 395 autem,
1109 348 1231 399 quae
1266 348 1362 382 non
1399 333 1648 384 commode
1682 334 1746 383 ad

218 416 414 480 singula
465 418 675 465 carmina
725 413 946 464 annotari
991 420 1217 482 poteraut
1260 421 1310 464 et
1356 415 1422 464 ad
1469 419 1746 466 universum

217 501 380 565 potius
398 514 553 563 genus
571 499 892 564 pertinebant,
929 504 1133 547 tractata
1157 501 1336 547 suntin
1351 499 1744 563 Prolegomenis,

218 583 270 629 in
304 581 475 646 quibus
521 581 583 630 de
628 583 970 648 inscriptione,
1020 580 1082 630 de
1127 587 1371 648 tempore,
1421 598 1515 646 quo
1562 582 1745 647 singuli

178 719 179 722 Ἴ
218 664 332 714 libri
365 666 535 730 scripti
569 669 695 725 sunt,
733 663 796 712 de
830 663 1090 713 virtutibus
1124 679 1183 712 ac
1201 665 1352 724 vitiis,
1388 669 1531 729 atque
1552 667 1743 714 omnino

219 746 284 795 de
318 752 421 796 tota
456 742 621 796 e‘orum
665 749 851 795 ratione
867 781 901 807 ,‚
927 747 1007 811 q'ui
1047 746 1188 796 locus
1235 745 1394 795 adhuc
1426 763 1591 812 parum
1624 747 1743 796 illu-

217 834 398 879 stratus
434 834 555 889 erat,
594 828 856 896 disputavi.
1795 814 1799 819 ’

317 911 461 974 Quod
495 911 559 961 ad
587 913 1270 978 commentariossuperiorum
1295 911 1548 974 editorum,
1575 917 1668 961 tam
1693 915 1743 960 in

217 997 530 1044 annotatione
582 997 752 1044 critica
809 1013 945 1060 quam
1005 997 1055 1042 in
1105 995 1296 1060 reliqua
1347 998 1744 1045 commentatione

218 1078 422 1127 eandem
455 1078 800 1144 propemodum
846 1082 1042 1127 secutus
1078 1095 1180 1126 sum
1214 1079 1474 1139 rationem,
1522 1096 1659 1144 quam
1693 1080 1743 1126 in

218 1160 435 1211 editione
469 1176 575 1210 mea
591 1161 921 1228 Epistolarum
937 1159 1222 1221 Heroidum‚
1259 1166 1312 1209 ut
1329 1161 1531 1210 aliorum
1566 1175 1742 1226 operas

217 1249 363 1309 atque
399 1247 566 1311 copias
609 1244 787 1309 ubique
837 1243 1100 1307 diligenter
1147 1243 1475 1304 consulerem,
1524 1257 1743 1308 quaeque

218 1341 284 1376 ex
301 1332 439 1393 parte
475 1330 655 1377 vitiosa
689 1343 749 1377 ac
765 1343 934 1375 manca
968 1331 1120 1386 erant,
1156 1326 1356 1392 expleta
1390 1331 1440 1375 et
1474 1325 1741 1386 emendata,

219 1425 343 1475 quae
360 1415 518 1459 autem
533 1411 688 1478 proba
722 1409 1067 1474 commodeque
1102 1409 1350 1475 explicata
1385 1410 1551 1471 (cuius
1585 1413 1743 1457 tamen

216 1496 413 1557 generis
440 1508 692 1560 *perpauca
724 1495 941 1560 reperire
972 1494 1163 1558 potui),
1199 1494 1392 1555 integra
1441 1493 1562 1557 ipsis
1613 1492 1741 1539 scri-
1795 1501 1797 1505 ’

214 1580 404 1642 ptorum
443 1577 608 1627 verbis
643 1581 693 1625 et
725 1577 992 1625 subiunctis
1039 1589 1229 1640 quoque
1273 1589 1439 1623 eorum
1472 1574 1743 1622 nominibus

215 1659 628 1708 transscriberem.
706 1659 884 1723 Neque
930 1663 1086 1707 tamen
1133 1657 1309 1721 ubique
1353 1655 1438 1704 diu
1469 1655 1744 1721 seduloque

219 1743 456 1806 quaesivi,
493 1758 555 1789 an
574 1757 697 1806 quae
716 1756 812 1805 ego
847 1746 1140 1800 annotarem,
1176 1741 1269 1787 iam
1303 1738 1362 1788 ab
1382 1738 1487 1788 ullo
1522 1744 1633 1788 ante
1667 1753 1743 1787 me

217 1829 384 1874 essent
402 1824 679 1884 observata,
717 1823 847 1888 quod
882 1825 1088 1872 minutae
1124 1827 1174 1870 et
1200 1822 1436 1870 obscurae
1456 1821 1744 1886 diligentiae

218 1911 308 1956 est.
377 1905 546 1956 Semel
580 1906 692 1955 dico
728 1910 871 1969 atque
906 1907 1117 1968 ingenue
1152 1904 1412 1969 profiteor,
1458 1919 1533 1953 me
1569 1904 1743 1955 doctas

216 1991 518 2055 superiorum
553 1986 791 2037 editorum
838 1989 1005 2052 copias
1041 2001 1204 2035 omues
1242 1985 1613 2050 diligentissime
1647 2002 1743 2036 ex-

219 2073 434 2122 cussisse
469 2075 612 2135 atque
645 2072 695 2118 in
729 2087 862 2117 usum
903 2084 1056 2117 meum
1091 2070 1398 2117 convertisse
1417 2103 1431 2128 ,
1479 2073 1529 2118 et
1563 2073 1741 2133 quanto

219 2157 422 2220 quisque
466 2152 529 2202 de
574 2153 649 2203 his
697 2152 913 2202 Nasonis
962 2150 1248 2200 carminibus
1281 2151 1452 2200 melius
1493 2154 1736 2212 meruerit,

219 2242 352 2287 tanto
399 2235 511 2302 plus
556 2238 603 2285 ei
637 2253 666 2284 a
699 2250 773 2284 me
819 2234 988 2284 deberi
1030 2233 1093 2283 ad
1134 2236 1274 2282 istam
1320 2232 1581 2284 editionem
1617 2251 1742 2299 qua-

216 2319 504 2383 lemcunque
540 2317 901 2368 conficiendam.

318 2417 513 2486 Scripsi
546 2418 772 2469 Treviris
809 2415 1015 2468 Calend.
1051 2416 1153 2465 Iun.
1187 2413 1684 2477 MDCCCXXXIX.
