1846 3146
590 115 1132 197 PnomGoMENA.
1413 160 1419 164 -
1557 136 1590 184 9

83 276 185 317 ante
202 270 321 314 veris
338 269 498 312 initium
515 281 554 310 a.
571 268 623 312 U.
634 265 965 310 GDCCLXHJ.
978 261 1287 305 indestinatum
1307 259 1443 301 exsilii
1450 257 1590 300 locum

83 343 326 388 advenisse.
380 341 486 383 Illud
515 346 656 382 autem
683 350 779 380 cum
808 350 863 378 ex
890 349 943 377 eo
970 333 1186 390 probabile
1210 338 1305 386 est,
1334 329 1447 386 quod
1474 342 1592 370 mare

83 418 310 471 Aegaeum
335 427 412 469 per
437 412 587 454 hiemis
613 417 783 464 tempus
808 408 886 449 vix
911 406 1171 464 navigabile,
1201 410 1289 446 tum
1318 409 1364 444 et
1390 402 1590 455 maxime,

83 486 198 544 quod
225 491 352 541 poeta
379 483 644 543 Cenchreis,
687 480 876 547 ῼοτὶιιὼὶ
901 484 1049 534 portu,
1076 476 1172 532 {non
1199 481 1344 530 recta,
1398 471 1479 515 sed
1516 483 1594 525 per

86 559 240 601 multas
267 557 474 611 ambages
501 553 558 597 ad
584 553 906 606 Hellespontum
933 557 979 592 et
1004 551 1049 592 in
1063 550 1172 591 Asia
1198 548 1357 590 minore
1385 545 1429 585 in
1457 542 1595 585 Thra-

86 632 199 674 ciam
222 634 378 690 vectus
403 632 485 679 est.
538 624 637 668 vid.
662 624 788 666 Trist.
815 625 837 664 Ι
848 652 865 678 ,
909 622 973 665 10.
994 623 1002 627 ”
1029 621 1184 664 Statim
1219 630 1341 673 vero,
1370 621 1595 671 postquam

84 703 191 745 liber
216 704 337 743 esset
363 686 597 753 absolutus,
627 696 711 738 iam
737 695 918 737 Romam
944 693 1121 736 missum
1150 703 1267 746 esse,
1296 688 1395 731 inde
1419 685 1597 740 intelligi

15 766 17 769 ⁴
56 761 60 765 ’
85 779 251 830 potest,
281 759 419 827 quod,
456 770 496 811 si
521 769 658 810 serius
685 767 844 809 missus
872 771 1014 822 esset,
1048 765 1162 806 illam
1190 759 1597 806 commendationem

85 844 287 888 novitatis
314 848 359 885 et
383 841 732 896 probabilitatem,
761 839 805 880 in
830 838 925 892 ipso
950 837 1071 892 mari,
1100 842 1148 877 ut
1176 835 1364 889 pluribus
1379 832 1486 873 locis
1502 842 1598 871 me-

85 921 242 979 morat„
267 927 370 957 esse
398 913 675 978 compositum
688 940 704 967 ,
732 922 817 951 non
845 904 999 950 fuisset
1024 908 1265 949 habiturus:
1322 903 1434 959 quod
1469 901 1598 943 etiam

88 1000 142 1030 eo
170 986 437 1030 confirmatur
450 1014 466 1040 ,
510 982 621 1039 quod
654 978 862 1024 maximus
897 981 1001 1022 liber
1026 977 1244 1021 secundus
1272 975 1329 1018 ad
1355 976 1599 1030 Augustum

87 1058 293 1115 et‘maior
317 1068 420 1112 pars
446 1055 539 1098 libri
564 1055 677 1096 tertii
702 1055 746 1095 in
772 1053 906 1108 primo
932 1052 1077 1095 statim
1104 1050 1242 1092 exsilii
1268 1061 1379 1090 anno
1405 1054 1474 1089 est
1490 1058 1598 1088 con-

89 1128 220 1171 fecta.
274 1128 402 1176 Liber
428 1127 587 1182 primus
613 1126 741 1181 igitur
767 1125 811 1166 in
838 1125 932 1179 ipso
960 1124 1109 1165 itinere
1137 1135 1165 1163 a
1185 1126 1314 1176 poeta
1338 1119 1600 1173 compositus

89 1206 136 1242 ct
163 1199 414 1256 e'l'hracia,
443 1211 528 1240 non
554 1203 698 1240 tamen
724 1202 824 1239 ante
850 1208 930 1238 ver
957 1208 995 1239 a.
1023 1195 1075 1238 U.
1104 1193 1155 1237 C.
1183 1191 1473 1246 Dcchxm„
1507 1188 1601 1233 Ro-

88 1284 203 1319 mam
228 1272 386 1314 missus
418 1277 498 1313 est.
1004 1264 1009 1265 ⁷

202 1353 297 1407 Quo
318 1366 423 1396 vero
442 1359 632 1408 tempore
651 1351 756 1394 h'ber
767 1348 983 1394 secundus
997 1349 1215 1391 absolutus
1229 1348 1301 1403 sit,
1330 1345 1602 1387 manifestum

90 1425 198 1481 erit,
226 1425 287 1477 tsi
323 1438 406 1481 quo
433 1430 624 1479 tempore
650 1423 800 1466 tertius
826 1423 885 1466 sit
911 1422 1178 1476 conscriptus
1192 1450 1207 1475 ,
1251 1424 1352 1461 ante
1393 1416 1597 1472 quaesie-

91 1497 234 1539 rimus
286 1497 337 1539 n
364 1498 439 1553 111,
467 1495 511 1552 2,
543 1496 607 1537 15.

169 1586 412 1632 ‘onumen
432 1598 471 1629 et
491 1595 611 1629 ventis
632 1595 759 1629 dubius
780 1595 944 1629 laetabar
966 1597 1004 1627 et
1025 1593 1144 1634 undis,

94 1691 97 1693 ,
221 1652 391 1686 fauebat
412 1660 520 1685 miras
541 1658 724 1693 aegraque
746 1652 859 1683 corda
878 1650 1006 1691 labor3

94 1728 97 1732 ,
140 1745 143 1748 ,
180 1708 229 1741 nt
249 1706 312 1740 via
332 1706 433 1739 finita
454 1709 511 1740 ωε
533 1709 571 1739 et
592 1715 683 1747 opus
704 1706 882 1747 requievit
900 1705 1017 1746 eimdi,

222 1763 271 1795 Et
291 1769 432 1803 poenae
453 1762 563 1795 tellus
585 1763 642 1794 ωε
663 1761 746 1793 milii
767 1763 868 1793 tacta
888 1767 1006 1791 meae:

181 1816 244 1850 Nil
263 1815 333 1848 nisi
354 1817 442 1850 llere
462 1817 568 1858 libet,
589 1823 659 1848 nec
679 1818 806 1848 nostro
829 1815 977 1856 parcior
997 1813 1111 1846 imber

226 1871 391 1914 Lumine,
413 1872 459 1904 de
479 1879 597 1905 verna
617 1879 722 1913 quam
741 1870 825 1904 nive
846 1870 968 1902 manat
989 1876 1082 1910 aqua
1104 1884 1148 1890 —

96 1942 303 2017 quaeest
317 1957 462 2016 ‘oratio
495 1955 553 1998 ad
584 1957 680 1998 illos
715 1951 835 1999 locos
868 1956 993 1999 modo
1030 1955 1321 1998 adventantis:
1380 1954 1439 1995 uti
1477 1953 1605 1993 etiam

94 2023 168 2074 illa
193 2026 348 2086 poetae
375 2027 640 2084 aegrotantis
665 2028 799 2085 verba
824 2030 901 2084 ΠΙ,
929 2028 973 2084 3,
1002 2029 1059 2070 29
1084 2051 1142 2060 —·
1159 2028 1236 2071 3².

182 2113 228 2167 'Si
240 2115 370 2165 v&utinen
389 2128 553 2171 implevit
571 2135 653 2162 mea
673 2136 771 2171 sors,
793 2137 882 2169 quos
904 2129 1039 2171 debuit,
1062 2135 1192 2169 annoS‚

229 2188 279 2221 Et
298 2185 384 2218 mibi
403 2185 551 2218 vivendi
574 2186 661 2217 tam
682 2183 775 2216 cito
798 2183 913 2215 finis
936 2185 1084 2216 adest:

189 2239 368 2284 Quantum
389 2243 485 2282 erat,
508 2248 532 2272 o
554 2240 688 2282 magni,
708 2238 876 2280 perituro
898 2247 1076 2281 part-ere,-
1092 2238 1180 2280 divi,

175 2342 179 2346 Ι
230 2298 279 2330 Ut
298 2297 428 2347 saltem
449 2294 570 2337 patria
589 2294 859 2328 contumularer
879 2288 1010 2327 humo?

103 2389 150 2425 et
173 2383 249 2437 m,
278 2382 322 2436 8,
353 2382 417 2423 19.

170 2483 359 2528 ‘Forsitan
387 2482 457 2514 hoc
485 2481 616 2525 olim,
645 2490 740 2515 cum
766 2489 815 2515 se
842 2479 1096 2513 satiaverit
1125 2479 1216 2520 ira,

232 2539 320 2576 'rum
344 2545 485 2578 quoque
505 2537 668 2571 sollicita
685 2539 805 2571 mente
824 2537 1008 2576 rogandus
1030 2536 1101 2568 erit
1123 2551 1166 2557 —

107 2620 324 2686 recentem
350 2629 439 2665 tum
465 2624 601 2681 etiam·
619 2625 806 2679 Augusti
833 2623 938 2664 iram
965 2623 1099 2665 fuisse
1138 2623 1372 2665 declarant:
1428 2625 1489 2664 uti
1517 2635 1610 2664 om-

107 2696 205 2748 nino
241 2696 449 2749 posterius
479 2708 652 2736 carmen
690 2701 905 2736 recentem
942 2701 1095 2748 poetae
1133 2697 1174 2735 in
1202 2696 1421 2750 Scythiam
1445 2694 1611 2736 adven-

79 2773 198 2808 :tum
234 2768 377 2834 spirat.
446 2766 631 2810 Carmen
668 2766 874 2809 decimum
907 2767 1213 2809 vividissimum
1256 2780 1308 2808 ac
1345 2768 1612 2809 verissimam
