1846 3146
175 194 274 244 372

426 193 483 243 P.
520 193 743 244 OVIDII
777 193 1095 246 NASONIS
1129 195 1474 248 TRISTIUM

173 317 336 381 thue
371 316 556 382 probae
591 316 788 381 dignum
822 322 912 378 est,
951 321 1078 366 omni
1112 319 1199 368 tibi
1235 318 1351 369 dote
1384 319 1652 387 placebam,

190 418 193 420 ·
239 399 477 455 Addebat
512 402 647 449 veris
682 400 831 448 multa
865 401 1081 450 faventis
1116 417 1273 462 amor3

173 483 303 544 Nec,
343 498 482 548 quem
515 483 798 549 praeferres
836 485 931 544 [ita
963 499 1044 532 res
1078 485 1167 534 tibi
1201 500 1376 548 magna
1408 485 1662 549 videbar),

241 566 461 626 Quemve
497 573 627 615 tuum
660 566 834 615 malles
868 582 995 627 esse,
1031 569 1111 616 vir
1145 567 1272 615 alter
1307 567 1450 616 erat?
1641 569 1706 619 60

172 650 322 699 Nunc
357 665 554 714 quoque
583 665 644 698 ne
679 648 885 715 pudeat,
932 649 1062 714 quod
1096 652 1165 698 sis
1200 650 1316 698 mihi
1347 655 1524 718 nupta;
1561 655 1641 700 tu-

1042 747 1196 797 usque

237 814 356 863 Non
392 814 540 892 debet
573 815 718 865 dolor
750 794 880 876 hinc}
918 815 1067 866 debet
1101 816 1278 866 abesse
1310 815 1483 883 pudor.

169 999 218 1041 2.‚
241 999 381 1036 (Guelf.
405 998 471 1030 sub
502 1000 650 1036 rasura)
685 1006 757 1040 quo
779 998 818 1032 ni
839 1000 907 1043 fu-

133 1043 137 1050 f
170 1052 231 1094 qis
253 1052 326 1085 icta
348 1054 511 1096 referre.
564 1055 640 1087 Pal.
665 1056 697 1087 2.
721 1056 860 1093 (Guelf.
884 1065 907 1088 a

171 1109 202 1141 1.
226 1110 288 1146 m.)
312 1117 385 1151 quo
408 1108 481 1141 nisi
502 1109 606 1151 fuyis
635 1109 708 1142 illa
742 1111 905 1152 referre.

170 1165 303 1198 Medic.
325 1163 399 1196 nisi
421 1173 495 1196 non
524 1164 627 1206 fnyis
649 1164 722 1197 illa
743 1166 904 1208 referre.

169 1219 243 1252 Alii
266 1220 397 1262 aliter,
426 1222 491 1252 sed
523 1221 668 1262 longius
692 1229 714 1252 a
738 1222 903 1263 vestigiis

168 1282 284 1306 verae
314 1276 543 1317 scripturae,
573 1284 664 1316 quae
696 1279 751 1307 est
775 1275 903 1307 nisisi

165 1330 268 1373 fuyis
290 1329 363 1362 illa
385 1331 547 1373 referre.
602 1329 689 1362 Nisi
714 1329 748 1362 si
773 1331 903 1371 passim

169 1389 380 1427 corruptum
403 1388 499 1426 apud
523 1388 714 1419 Nasonem.
751 1387 831 1418 Vid.
855 1387 901 1418 ad

165 1442 252 1474 Her.
275 1443 349 1483 IV,
385 1442 458 1474 111.
490 1446 526 1474 et
557 1444 666 1474 'ri-ist.
697 1443 747 1484 V,
778 1443 814 1483 9,
845 1443 899 1474 35.

165 1496 332 1539 Referre
363 1507 429 1537 pro
454 1498 666 1530 meminisse.
713 1499 796 1530 Vid.
825 1501 899 1530 not.

165 1553 209 1583 ad
236 1553 320 1584 Her.
343 1553 394 1594 V,
415 1554 489 1585 113.
526 1553 643 1594 Fuyae's
657 1553 809 1596 referre
831 1563 898 1595 pro

162 1607 309 1639 metuis.
354 1609 436 1640 vid.
461 1610 545 1641 Iler.
566 1611 632 1651 IX,
652 1611 706 1642 75.
752 1610 900 1642 ΗιιιΝε.

163 1663 264 1696 Vett.
294 1664 373 1696 edd.
405 1666 442 1695 et
474 1672 597 1696 omnes
633 1675 748 1706 prope
780 1667 900 1708 codd„

163 1720 271 1751 etiam
295 1720 427 1761 nostri,
452 1718 525 1751 nisi
553 1729 628 1751 non
659 1721 716 1753 vis
739 1720 810 1752 illa
833 1729 899 1752 re-

160 1774 280 1816 ferri,
312 1777 380 1809 nisi
419 1778 514 1818 quod
551 1778 648 1810 Busl.
672 1777 705 1809 si
735 1786 806 1809 uon
842 1776 900 1808 vis

161 1828 249 1870 ipsa
272 1830 426 1872 referri.
475 1834 529 1864 Ac
552 1831 698 1874 referri
720 1841 792 1864 non
812 1841 898 1868 ⁴mu-

163 1886 323 1927 tandum,
354 1888 449 1928 quod
479 1888 511 1919 h.
536 1887 561 1919 l.
586 1896 659 1919 non
683 1892 739 1921 est
762 1896 898 1920 recor-

162 1938 263 1980 dari,
287 1941 506 1984 meminisse,
530 1945 594 1975 sed
617 1943 834 1985 memorari,
859 1946 898 1975 ut

159 1996 264 2028 Pont.
288 1997 364 2038 111,
411 1998 454 2039 3,
501 1999 555 2030 73.
624 1998 711 2030 Nisi
741 1998 773 2030 si
803 2000 897 2039 apud

160 2051 342 2084 Heinsium
363 2053 443 2084 fere
464 2053 592 2093 ubique
608 2056 812 2093 suspectum
830 2054 896 2084 ha-

160 2107 244 2149 beo,
275 2116 434 2150 memor,
467 2112 553 2149 quot
583 2108 676 2140 locis
708 2109 770 2139 has
802 2108 896 2139 deli-

157 2163 235 2194 cias
259 2171 343 2195 suas
369 2171 414 2195 ex
437 2164 588 2196 arbitrio
614 2173 680 2196 suo
705 2165 799 2204 apud
818 2165 896 2196 Na-

159 2223 285 2248 sonem
306 2217 602 2266 induxerit3Vid.
624 2221 709 2251 uer.
724 2220 791 2261 IV,
806 2219 896 2261 111„

159 2273 264 2304 Pont.
288 2274 364 2316 111,
398 2275 437 2316 1,
471 2274 546 2315 21„
575 2275 683 2306 Trist.
707 2276 758 2316 V,
782 2276 817 2316 9,
841 2277 894 2307 35.

160 2328 354 2369 Scriptura
378 2329 451 2361 nisi
481 2338 553 2360 non
578 2329 634 2360 ris
659 2331 828 2370 optimam
853 2339 896 2362 e-

157 2383 245 2415 tiam
284 2385 447 2417 continet
486 2385 712 2417 sentent-iam.
777 2388 895 2427 Atque

158 2440 247 2471 illud
266 2439 368 2482 fuyis
396 2449 537 2482 quoque
561 2441 766 2480 paucissimi
791 2442 894 2474 exhi-

159 2495 247 2528 bent
262 2497 366 2528 codd.
401 2498 526 2537 ltaque
544 2497 720 2529 revocavi
736 2497 808 2529 nisi
821 2507 895 2529 non

157 2550 217 2583 vis
238 2550 263 2582 i.
288 2551 443 2594 referri.
487 2552 576 2584 Exc.
591 2552 699 2584 Voss.
725 2553 797 2585 nisi
820 2562 894 2585 non

155 2606 214 2640 vis
249 2616 344 2639 vera
377 2607 539 2649 referre.
603 2609 709 2640 Bern.
742 2613 779 2642 et
811 2610 892 2642 Rel.

158 2673 225 2704 pro
255 2673 290 2695 v.
314 2672 386 2696 scr.
410 2662 484 2695 nisi
512 2671 586 2695 non
615 2663 673 2695 vis
704 2673 797 2696 vera
823 2662 892 2706 fa—

157 2718 242 2752 teri.
273 2758 275 2761 ι
301 2719 380 2751 Put.
410 2721 447 2751 et
476 2720 571 2751 Mor.
606 2718 669 2750 ubi
698 2722 756 2753 est
780 2720 890 2761 illud,

154 2773 229 2807 nisi
250 2781 337 2806 non.
385 2775 511 2807 Patav.
535 2773 609 2816 ubi,
632 2782 704 2817 quo
738 2777 773 2809 te
801 2776 890 2809 mihi

154 2839 229 2862 non
251 2828 310 2863 vis
332 2837 426 2861 vera
447 2827 580 2870 fateri.
639 2830 719 2863 Bel.
743 2838 766 2862 a
789 2830 819 2863 1.
842 2839 888 2863 m.

152 2884 226 2916 illa
248 2884 386 2916 celare.

1018 999 1072 1031 57.
1094 997 1244 1031 Probae
1255 999 1376 1032 XVIII
1386 999 1522 1042 Heius„
1538 1008 1627 1041 quos
1639 998 1705 1031 ille

974 1055 1231 1096 castigatiores
1256 1055 1356 1096 dicit,
1379 1055 1415 1087 in
1439 1055 1702 1095 quibusFranc.

973 1112 1010 1141 et
1022 1110 1166 1141 Pirckh.
1197 1111 1386 1142 Accedunt
1397 1110 1515 1142 Guelf.
1529 1118 1551 1141 a
1562 1109 1595 1141 2.
1609 1118 1652 1140 ιιι.
1665 1111 1703 1141 et

972 1166 1090 1197 nostri
1119 1167 1268 1206 praeter
1298 1165 1404 1198 Crev.
1450 1164 1558 1205 Regit
1580 1166 1703 1196 autem

972 1227 1016 1251 ea
1039 1228 1113 1252 vox
1135 1228 1209 1251 non
1228 1222 1422 1252 secundum
1439 1221 1551 1252 minus
1565 1227 1702 1261 casum,

971 1283 1076 1315 quam
1099 1278 1250 1306 sextum.
1295 1274 1399 1314 Virg.
1415 1275 1505 1305 Aen.
1522 1276 1606 1316 ΧΠ,
1626 1274 1702 1307 649.

971 1328 1089 1369 ibique
1113 1330 1235 1372 Serv.,
1254 1330 1317 1362 Sil.
1328 1331 1431 1369 VIII,
1445 1330 1537 1372 383„
1549 1331 1702 1362 Phaedr.

969 1384 1044 1425 1v,
1075 1384 1139 1425 20,
1172 1386 1219 1426 3.,
1243 1384 1389 1417 NoltenL
1418 1386 1506 1417 Lex.
1533 1384 1648 1416 antib.
1666 1394 1701 1426 p.

970 1438 1082 1479 1408„
1107 1440 1287 1472 vechner.
1312 1440 1493 1472 Hellenol.
1517 1441 1549 1481 1,
1572 1440 1609 1481 2,
1634 1439 1701 1482 18„

967 1494 1177 1525 Drackenh.
1213 1496 1258 1526 ad
1297 1486 1376 1526 Lis).
1412 1495 1478 1526 ιν.
1514 1502 1544 1526 c.
1576 1494 1628 1526 37.
1656 1509 1702 1518 —

966 1539 1077 1569 Pauci
1095 1540 1198 1570 codd.
1213 1539 1335 1571 Heius.
1350 1541 1387 1570 et
1406 1542 1495 1570 vett.
1512 1539 1591 1570 edd.
1603 1547 1701 1579 pro-

968 1593 1026 1626 ba.
1074 1594 1183 1628 Crev.
1200 1593 1329 1636 probi.
1375 1595 1480 1626 Bern.
1502 1592 1592 1626 milti
1614 1593 1702 1626 dote

964 1649 1156 1691 placebas.

1010 1739 1063 1771 58.
1093 1740 1170 1780 „Et
1187 1739 1370 1780 (insuper)
1388 1746 1498 1770 amor
1517 1737 1602 1769 tuus
1621 1737 1699 1775 (fa-

964 1794 1093 1826 ventis.
1118 1794 1200 1826 vid.
1224 1804 1259 1826 v.
1286 1794 1336 1826 19.
1356 1797 1393 1826 et
1422 1795 1519 1825 conf.
1544 1796 1621 1826 not.
1653 1795 1700 1826 ad

965 1851 1035 1892 111,
1061 1850 1095 1891 1,
1119 1850 1191 1886 67.)
1223 1850 1345 1880 multa
1373 1849 1538 1882 addebat
1559 1845 1704 1881 veris.“

966 1907 1069 1937 Bern.
1093 1903 1176 1936 veri
1197 1906 1319 1937 multa
1334 1905 1495 1947 favoris.
1514 1922 1559 1928 —
1575 1906 1621 1938 V.
1644 1904 1699 1937 59.

964 1963 1040 1993 Iun.
1062 1963 1111 2001 ,et
1145 1962 1179 1992 11
1210 1960 1274 1992 alii
1298 1961 1420 1992 Heius.
1443 1959 1569 2002 diyn'a.
1618 1961 1699 2000 Bel.

964 2015 1019 2047 sic
1041 2024 1116 2047 res.
1165 2017 1270 2048 Bern.
1292 2014 1452 2048 videtur.

1008 2117 1061 2147 60.
1098 2115 1266 2154 Quemve.
1311 2116 1466 2158 Franc.,
1493 2118 1588 2158 Put.,
1610 2118 1695 2150 XXI

964 2170 1026 2200 alii
1057 2170 1197 2212 Heius„
1234 2171 1377 2213 Guelf„
1412 2173 1537 2214 Bern.,
1572 2172 1696 2215 Crem,

963 2225 1042 2256 nel.
1068 2228 1104 2257 et
1133 2226 1229 2258 Busl.
1255 2233 1443 2267 quemque.
1497 2229 1569 2260 Sed
1599 2230 1696 2261 scri-

963 2284 1069 2320 ptura
1099 2290 1142 2312 ve
1172 2284 1322 2322 praeter
1351 2285 1515 2315 naturam
1545 2287 1695 2316 senten-

963 2336 1035 2367 tiae
1059 2329 1267 2368 confirmari
1292 2336 1435 2368 videtur
1459 2338 1563 2370 etiam
1584 2347 1694 2380 repe-

962 2391 1088 2422 titione
1113 2391 1176 2422 ilia
1199 2391 1355 2432 relativi.
1388 2408 1433 2415 »-
1462 2394 1562 2436 Iun.,
1591 2395 1693 2426 Leid-

962 2449 999 2477 et
1022 2445 1084 2476 alii
1108 2447 1229 2478 Heius.
1253 2447 1434 2489 quodque.

1008 2532 1062 2565 61.
1094 2533 1165 2566 Ne.

960 2596 1044 2620 non.

1001 2665 1053 2697 62.
1090 2665 1177 2697 Non
1208 2667 1324 2699 debet.
1377 2666 1487 2706 Gau„
1523 2666 1629 2698 Serv.
1653 2667 1691 2698 et

955 2721 1062 2752 Bern.
1093 2730 1165 2752 non
1196 2722 1310 2754 dolor
1338 2721 1424 2754 hinc
1454 2719 1570 2761 debet,
1595 2722 1690 2761 quod

957 2776 1091 2816 primus
1116 2778 1213 2810 dedit
1238 2777 1414 2810 Heinsius.
1458 2777 1577 2809 Favet
1593 2776 1689 2808 scri-

955 2834 1087 2872 pturae
1129 2832 1305 2864 librorum
1350 2831 1456 2863 etiam
1488 2831 1687 2873 oppositio:

954 2894 1029 2918 non
1053 2886 1170 2927 debet,
1186 2886 1302 2919 debet.
1350 2887 1426 2919 Iun.
1450 2890 1488 2920 et
1508 2887 1598 2929 Beg.
1617 2884 1686 2919 Ιιίσ.

1234 2536 1356 2577 Mon,
1395 2536 1499 2567 Bern.
1534 2535 1572 2567 et
1610 2527 1691 2566 nel.

1833 1520 1846 1861 ;;.;;.Qmfflu
1843 1487 1846 1511 -.
1839 1436 1846 1461 --

1838 1872 1846 1947 ἓ

1835 1952 1846 2010 «1,
