1846 3146
209 165 308 217 156

448 160 506 211 Ρ.
542 153 764 210 OVIDII
797 147 1113 203 NASONIS
1148 139 1488 195 TRISTIUM

210 289 326 355 Ipse
359 284 480 334 licet
511 292 713 349 sperare
746 256 906 335 vetes,
938 270 1266 338 sperabimus3
1301 270 1445 331 atque

1636 257 1735 308 145

278 369 393 419 Hoc
425 381 570 415 unum
601 362 709 411 fieri
742 364 792 407 te
823 354 1110 423 prohibente
1144 353 1322 419 potest.
1725 395 1727 398 ‚

214 451 347 520 Spes
380 449 494 499 mihi
525 460 700 510 magna
733 434 877 500 subit,
915 453 1022 488 cum
1055 440 1120 495 te,
1156 432 1405 482 mitissime
1435 427 1695 492 Princeps,

282 533 416 602 Spes
448 529 578 589 mihi,
614 525 829 592 respicio
864 535 971 571 cum
1004 533 1111 569 mea
1143 516 1292 575 facta,
1328 510 1474 562 cadit.

216 618 302 670 Ac
332 615 492 666 veluti
524 610 690 661 ventis
723 603 1018 673 agitantibus
1053 614 1269 666 aequora
1301 611 1399 645 non
1433 597 1510 643 est

285 693 529 765 Aefiualis
562 692 725 743 rabies
758 690 1110 750 continuusque
1142 682 1296 741 furor,

1640 671 1740 722 150

221 782 330 836 Sed
361 778 508 831 modo
543 773 801 827 subsidunt
832 767 1187 831 intermissique
1228 763 1481 821 silescunt,

288 864 500 930 Vimque
531 863 675 927 putes
710 855 828 905 illos
863 850 1154 919 deposuisse
1188 862 1346 907 suam3

225 983 402 1024 tractibus
445 984 540 1019 vites
578 990 652 1016 non
688 979 783 1023 palis
821 977 957 1009 educe-

224 1046 374 1086 bantur,
396 1043 461 1075 sed
484 1038 641 1073 arbustis
660 1034 958 1077 adiungebantur.

227 1101 368 1137 Colum.
390 1098 437 1132 V.
461 1104 494 1129 c.
517 1096 549 1128 6.
572 1093 605 1127 4.
654 1091 774 1124 Vitem
794 1086 960 1121 maxime

226 1156 392 1199 populus
413 1150 567 1185 videtur
589 1148 708 1188 alere,
743 1143 875 1177 deinde
896 1142 960 1175 ul-

229 1219 323 1245 mus.
367 1208 451 1242 Vid.
487 1204 626 1241 Colum.
655 1203 716 1235 IX.
740 1208 770 1233 c.
794 1200 841 1242 2.,
870 1198 961 1232 Plin.

232 1268 277 1301 N.
300 1267 344 1298 H.
366 1264 464 1297 x1v.
493 1269 526 1295 c.
557 1259 588 1293 1.
612 1259 666 1301 3.,
699 1257 813 1289 xvn.
838 1263 869 1287 c.
892 1253 963 1295 21.‚

230 1320 377 1356 XXXV.
408 1326 440 1351 c.
472 1317 526 1349 22.
535 1337 551 1359 ,
582 1314 687 1355 Virg.
718 1312 854 1352 Georg.
878 1310 910 1351 Ι,
932 1309 964 1340 2.

233 1377 355 1418 ibique
382 1374 539 1414 interpp.
595 1369 701 1405 Conf.
734 1368 796 1409 V,
830 1366 875 1406 3,
911 1363 965 1395 35.

234 1435 334 1466 Unus
354 1428 584 1474 frondibus.-
607 1426 672 1458 sed
694 1423 766 1456 vid.
811 1422 901 1462 Met.
918 1419 966 1460 X,

235 1488 314 1522 100.
340 1502 381 1510 -
403 1485 511 1518 Goth.
532 1479 613 1515 vidi
631 1477 801 1523 pampin.

281 1553 357 1587 144.
389 1551 512 1584 Saevo
539 1545 711 1591 fulmine.
762 1543 840 1577 Pal.
870 1541 900 1574 1.
932 1541 970 1573 et

239 1610 290 1652 2.,
321 1609 471 1649 Franc.‚
505 1606 633 1645 Berm,
666 1601 799 1642 Goth„
833 1596 970 1638 Guelf.,

239 1666 335 1707 Put.,
357 1664 480 1705 Serv„
501 1659 598 1694 Busl.
622 1665 646 1690 a
670 1655 700 1688 1.
723 1664 785 1697 m.,
810 1651 970 1692 Pirckh.,

241 1720 360 1762 Leid„
382 1718 469 1751 XIV
501 1714 567 1749 alii
593 1713 716 1747 Heius.
746 1712 784 1743 et
813 1708 973 1741 eiusdem

242 1777 299 1809 ed.
323 1784 394 1817 pn,
415 1774 499 1814 seg.
523 1779 547 1804 a
569 1769 601 1803 1.
622 1777 691 1810 m.,
719 1765 802 1799 Bel.
830 1771 854 1796 a
876 1762 907 1795 1.
928 1770 974 1793 m.

243 1830 360 1864 saevi.
393 1819 511 1863 conf.
542 1827 640 1860 Fast.
668 1823 735 1864 111,
765 1821 843 1853 290.
890 1819 974 1858 seg.

245 1895 269 1920 a
291 1887 324 1919 2.
347 1894 408 1928 m.,
429 1883 510 1916 nel.
532 1889 556 1914 a
578 1882 610 1913 2.
633 1888 695 1921 m.,
727 1876 824 1909 Busl.
847 1882 917 1915 pro
940 1882 976 1904 v.

245 1951 322 1976 scr.
346 1942 384 1973 et
406 1936 537 1978 reliqui
560 1942 684 1969 omnes
713 1935 750 1965 et
779 1931 869 1962 vett.
899 1927 978 1959 edd.

247 2003 362 2030 saevo
365 2016 381 2037 ,
412 1993 508 2035 quod
536 1989 758 2034 gravitatem
786 1986 880 2018 ictus
902 1990 980 2014 me-

247 2053 320 2086 lius
345 2049 533 2090 declarat,
559 2041 620 2078 de*
638 2051 709 2085 qua
737 2042 770 2073 h.
799 2039 825 2071 1.
849 2036 981 2079 agitur.

256 2106 343 2140 Vidi
366 2113 432 2148 eqo
455 2103 599 2135 ulmum
620 2091 888 2139 pampineis
909 2088 982 2122 vi-

252 2163 378 2196 tibus
401 2157 613 2195 oneratam,
636 2159 733 2195 quae
752 2150 874 2189 (ante)
894 2147 983 2190 fue-

253 2219 323 2253 rat
351 2208 491 2250 suevo
518 2208 717 2256 fulmine
750 2202 857 2239 Iovis
893 2202 984 2235 icta.

256 2275 318 2308 Sic
340 2272 444 2305 Infra
464 2280 499 2303 v.
523 2268 600 2302 179,
620 2262 775 2306 Augusti
807 2261 894 2294 sunt
927 2258 986 2291 te-

257 2331 301 2362 la
320 2327 443 2371 fera.
489 2326 523 2368 1,
545 2323 583 2365 8,
605 2321 659 2354 21.

323 2390 423 2421 saeva
456 2395 515 2418 uec
548 2385 680 2416 admiror
700 2383 838 2411 metuunt
867 2379 895 2408 si
925 2377 987 2406 ful-

653 2427 745 2456 mina.

259 2473 326 2515 111,
348 2471 385 2514 4,
409 2470 441 2503 3.

328 2535 459 2566 Saevum
475 2529 639 2569 praelustri
657 2528 771 2557 fulmen
792 2526 830 2555 ab
847 2531 917 2554 aree
934 2529 990 2551 ve-

265 2618 332 2659 1v,
356 2616 392 2657 3,
415 2615 468 2647 69.
659 2576 715 2603 'm'

331 2679 420 2713 Quod
443 2676 545 2707 saevis
569 2682 626 2709 ego
660 2679 727 2702 sum
759 2670 842 2700 Iovis
874 2668 995 2706 ignibus

660 2718 740 2746 ictus
757 2731 791 2737 —

266 2785 315 2818 Et
343 2783 398 2815 ita
427 2777 532 2813 saeve·
562 2775 687 2819 venti,
715 2781 853 2808 saevae
875 2769 998 2804 undae

268 2842 306 2872 et
327 2836 467 2871 similia.

1068 970 1145 1004 145.
1167 967 1301 1010 Atque.
1343 963 1466 1007 Atque
1487 963 1557 996 hoc
1575 962 1659 994 loco
1678 958 1752 992 vim

1023 1028 1155 1068 habet,
1187 1031 1257 1057 nec
1291 1021 1402 1063 plane
1432 1019 1583 1060 praeter
1616 1020 1753 1047 morem

1025 1080 1180 1116 Nasonis
1205 1080 1276 1121 est,
1298 1077 1337 1110 in
1359 1075 1431 1108 fine
1463 1071 1662 1105 hexametri
1684 1076 1754 1100 no-

1026 1145 1111 1169 vum
1134 1136 1270 1175 colon,
1306 1130 1400 1173 quod
1422 1129 1585 1169 vocant,
1630 1122 1755 1157 ordiri.

1027 1193 1131 1225 Bern.
1154 1198 1255 1231 sper.
1278 1183 1411 1228 inquit.

1074 1269 1151 1303 147.
1184 1265 1336 1299 Caesar.
1393 1260 1472 1294 Pol.
1503 1259 1556 1302 1.,
1588 1258 1674 1294 Vat.
1709 1256 1760 1298 1.,
1842 1294 1846 1301 .

1030 1325 1147 1367 Leid.,
1170 1321 1248 1355 Pal.
1271 1320 1320 1362 2,,
1346 1318 1418 1351 VII
1451 1315 1514 1348 alii
1535 1313 1655 1347 Helm.
1680 1319 1761 1344 cum

1030 1383 1120 1413 vett.
1142 1378 1242 1419 edd.,
1266 1373 1413 1415 Guelf„
1442 1371 1571 1406 Dresd.
1600 1377 1624 1401 a
1651 1368 1686 1400 2.
1715 1375 1761 1399 m.

1033 1433 1231 1472 Princeps.
1276 1428 1419 1470 Reliqui
1434 1429 1472 1460 et
1495 1425 1616 1459 Heius.
1639 1424 1694 1456 ed.
1706 1431 1762 1464 pr.

1034 1490 1189 1529 Caesar,
1213 1486 1308 1528 quod
1336 1482 1592 1517 revocavimus
1611 1480 1765 1521 propter

1035 1544 1292 1579 auctoritatem
1314 1537 1518 1572 vetustatis.

1081 1621 1156 1655 148.
1189 1618 1325 1653 Facta.
1370 1613 1536 1649 Heinsius
1559 1620 1606 1645 ex
1627 1613 1706 1644 lun.
1729 1611 1768 1643 et

1038 1679 1148 1711 Voss.
1166 1673 1308 1707 induxit
1315 1671 1415 1715 fata,
1437 1670 1533 1712 quod
1543 1668 1650 1701 etiam
1662 1668 1768 1699 Bern.

1041 1736 1079 1765 et
1100 1731 1181 1765 Rel.
1204 1737 1274 1771 pro
1296 1737 1333 1761 v.
1363 1735 1437 1760 scr.
1466 1725 1608 1757 habent.
1664 1722 1770 1756 conf.

1041 1790 1091 1830 11,
1115 1787 1190 1819 168.
1235 1784 1310 1817 Sed
1337 1781 1481 1815 omnino
1511 1779 1771 1812 restituendum

1039 1843 1160 1887 fact«.
1203 1841 1296 1874 Nam
1317 1837 1453 1871 vindex
1475 1836 1512 1868 et
1530 1835 1666 1867 delicta
1689 1833 1772 1876 (fa-

1046 1900 1128 1937 cta)
1160 1898 1194 1930 h.
1225 1896 1251 1928 1.
1286 1893 1539 1935 opponuntur,
1577 1895 1775 1931 parumque

1047 1957 1132 1995 apte
1154 1952 1243 1985 solis
1263 1948 1359 1993 fatis
1380 1947 1454 1980 suis
1477 1953 1578 1987 spem
1595 1951 1695 1976 suam
1708 1950 1775 1976 ca-

1048 2011 1136 2042 dere
1166 2007 1321 2047 diceret,
1354 2005 1392 2035 et
1420 2002 1517 2034 infra
1543 2009 1579 2032 v.
1602 1998 1693 2040 208„
1716 1996 1778 2038 qui

1048 2066 1153 2098 locus
1177 2071 1257 2096 cum
1280 2061 1350 2093 isto
1373 2055 1576 2089 arctissime
1590 2054 1793 2096 cohaeret,

1049 2122 1107 2154 est
1139 2115 1300 2151 alterius
1329 2111 1439 2156 facti.
1497 2109 1623 2143 Facta
1658 2110 1780 2141 autem

1049 2177 1082 2210 11.
1103 2176 1129 2208 1.
1152 2175 1237 2207 sunt
1266 2179 1335 2213 pro
1367 2165 1588 2207 commissis,
1619 2162 1781 2197 crimini-

1051 2233 1128 2265 bus.
1171 2230 1255 2263 vid.
1285 2227 1331 2259 ad
1354 2226 1422 2267 ΙΠ,
1457 2222 1515 2265 11,
1544 2222 1620 2264 63.,
1649 2221 1716 2263 111,
1746 2220 1783 2261 6,

1053 2289 1107 2322 36.
1120 2289 1156 2319 et
1169 2285 1265 2319 conf.
1272 2283 1323 2326 V,
1334 2282 1391 2324 1⁰,
1399 2279 1453 2313 51.
1477 2278 1584 2312 Goth.
1595 2282 1681 2316 spes
1690 2280 1783 2306 mea.

1099 2364 1175 2399 149.
1207 2360 1397 2403 Aequora.
1440 2358 1534 2399 Put.,
1545 2357 1656 2395 Mon,
1665 2351 1785 2392 Serv.‚

1057 2430 1136 2455 exc.
1167 2420 1293 2459 Voss.5
1322 2414 1400 2448 Pol.
1435 2412 1468 2445 1.
1500 2411 1539 2443 et
1575 2410 1630 2450 2.,
1664 2408 1786 2447 Rem,

1057 2478 1143 2511 Vat.
1166 2474 1212 2518 1.,
1234 2473 1312 2507 Pal.
1334 2472 1383 2512 2.,
1404 2470 1552 2508 Erana,
1573 2466 1664 2505 Iun.‚
1686 2461 1788 2495 Leid.

1059 2535 1097 2565 et
1129 2533 1179 2565 IX
1213 2529 1277 2563 alii
1310 2526 1456 2566 Heius„
1490 2519 1636 2560 auem,
1667 2517 1789 2558 Goth.,

1058 2588 1188 2622 Dresd.
1210 2593 1280 2626 pro
1314 2592 1350 2615 v.
1383 2587 1471 2619 scr.,
1507 2575 1615 2610 crev.
1645 2572 1683 2604 et
1710 2571 1790 2604 Bel.

1061 2651 1129 2685 pro
1163 2651 1199 2673 v.
1238 2647 1310 2671 scr.
1346 2636 1453 2668 afra.
1487 2648 1532 2656 --
1552 2629 1692 2663 Deinde
1714 2627 1790 2660 Pal.

1063 2700 1110 2741 2.,
1132 2696 1277 2730 Pirckh.
1301 2694 1339 2725 et
1361 2690 1502 2732 quidam
1524 2685 1587 2719 alii
1610 2683 1732 2717 neins.
1755 2683 1793 2714 et
1814 2679 1842 2699 ·'

1061 2755 1152 2787 vett.
1175 2752 1254 2783 edd.
1278 2749 1316 2782 et
1335 2744 1463 2781 veluti.

1110 2818 1184 2853 151.
1218 2813 1420 2849 silescunt.
1471 2808 1631 2850 Pirckh.,
1658 2807 1792 2839 Bel-sm.
