<?xml version="1.0" encoding="UTF-8"?>
<!DOCTYPE html PUBLIC "-//W3C//DTD XHTML 1.0 Transitional//EN"
    "http://www.w3.org/TR/xhtml1/DTD/xhtml1-transitional.dtd">
<html xmlns="http://www.w3.org/1999/xhtml" xml:lang="en" lang="en">
 <head>
  <title>
</title>
<meta http-equiv="Content-Type" content="text/html;charset=utf-8" />
  <meta name='ocr-system' content='tesseract 3.04.00' />
  <meta name='ocr-capabilities' content='ocr_page ocr_carea ocr_par ocr_line ocrx_word'/>
</head>
<body>
  <div class='ocr_page' id='page_1' title='image "./tristiumlibriqui00oviduoft_0120.png"; bbox 0 0 1846 3146; ppageno 0'>
   <div class='ocr_carea' id='block_1_1' title="bbox 153 159 235 217">
    <p class='ocr_par' dir='ltr' id='par_1_1' title="bbox 153 159 235 217">
     <span class='ocr_line' id='line_1_1' title="bbox 153 159 235 217; baseline -0.012 0"><span class='ocrx_word' id='word_1_1' title='bbox 153 159 235 217; x_wconf 73' lang='lat'>‘82</span> 
     </span>
    </p>
   </div>
   <div class='ocr_carea' id='block_1_2' title="bbox 413 143 1454 219">
    <p class='ocr_par' dir='ltr' id='par_1_2' title="bbox 413 143 1454 219">
     <span class='ocr_line' id='line_1_2' title="bbox 413 143 1454 219; baseline 0.001 -3"><span class='ocrx_word' id='word_1_2' title='bbox 413 167 469 216; x_wconf 83' lang='lat' dir='ltr'>P.</span> <span class='ocrx_word' id='word_1_3' title='bbox 507 143 728 219; x_wconf 79' lang='lat' dir='ltr'>ovum</span> <span class='ocrx_word' id='word_1_4' title='bbox 764 165 1078 219; x_wconf 81' lang='lat' dir='ltr'>NAsole</span> <span class='ocrx_word' id='word_1_5' title='bbox 1112 166 1454 219; x_wconf 80' lang='lat' dir='ltr'>&#39;rmsTmM</span> 
     </span>
    </p>
   </div>
   <div class='ocr_carea' id='block_1_3' title="bbox 172 268 1566 440">
    <p class='ocr_par' dir='ltr' id='par_1_3' title="bbox 172 268 1566 440">
     <span class='ocr_line' id='line_1_3' title="bbox 172 268 1566 351; baseline 0.002 -12"><span class='ocrx_word' id='word_1_6' title='bbox 172 289 324 350; x_wconf 81' lang='lat' dir='ltr'>Quam</span> <span class='ocrx_word' id='word_1_7' title='bbox 358 268 564 344; x_wconf 83' lang='lat' dir='ltr'>subeant</span> <span class='ocrx_word' id='word_1_8' title='bbox 596 291 754 339; x_wconf 89' lang='lat' dir='ltr'>animo</span> <span class='ocrx_word' id='word_1_9' title='bbox 788 292 1063 340; x_wconf 84' lang='lat' dir='ltr'>meritorum</span> <span class='ocrx_word' id='word_1_10' title='bbox 1099 289 1289 340; x_wconf 85' lang='lat' dir='ltr'>oblivia</span> <span class='ocrx_word' id='word_1_11' title='bbox 1322 294 1510 351; x_wconf 76' lang='lat' dir='ltr'>nostro,</span> <span class='ocrx_word' id='word_1_12' title='bbox 1557 339 1566 342; x_wconf 83' lang='lat'>-</span> 
     </span>
     <span class='ocr_line' id='line_1_4' title="bbox 238 369 1213 440; baseline 0 -18"><span class='ocrx_word' id='word_1_13' title='bbox 238 372 306 422; x_wconf 86' lang='lat' dir='ltr'>Et</span> <span class='ocrx_word' id='word_1_14' title='bbox 340 374 492 438; x_wconf 83' lang='lat' dir='ltr'>longa</span> <span class='ocrx_word' id='word_1_15' title='bbox 521 375 679 440; x_wconf 72' lang='lat' dir='ltr'>pietas</span> <span class='ocrx_word' id='word_1_16' title='bbox 714 372 918 424; x_wconf 84' lang='lat' dir='ltr'>excidat</span> <span class='ocrx_word' id='word_1_17' title='bbox 950 369 1047 422; x_wconf 78' lang='lat' dir='ltr'>ista</span> <span class='ocrx_word' id='word_1_18' title='bbox 1080 372 1213 422; x_wconf 87' lang='lat' dir='ltr'>die.</span> 
     </span>
    </p>
   </div>
   <div class='ocr_carea' id='block_1_4' title="bbox 171 422 1407 522">
    <p class='ocr_par' dir='ltr' id='par_1_4' title="bbox 171 422 1407 522">
     <span class='ocr_line' id='line_1_5' title="bbox 171 422 1407 522; baseline -0.001 -18"><span class='ocrx_word' id='word_1_19' title='bbox 171 455 239 504; x_wconf 83' lang='lat' dir='ltr'>Di</span> <span class='ocrx_word' id='word_1_20' title='bbox 272 456 361 506; x_wconf 92' lang='lat' dir='ltr'>tibi</span> <span class='ocrx_word' id='word_1_21' title='bbox 395 459 492 505; x_wconf 90' lang='lat' dir='ltr'>sint</span> <span class='ocrx_word' id='word_1_22' title='bbox 525 452 703 506; x_wconf 83' lang='lat' dir='ltr'><strong>faciles</strong></span> <span class='ocrx_word' id='word_1_23' title='bbox 737 462 787 506; x_wconf 89' lang='lat' dir='ltr'>et</span> <span class='ocrx_word' id='word_1_24' title='bbox 822 457 930 522; x_wconf 79' lang='lat' dir='ltr'>opis</span> <span class='ocrx_word' id='word_1_25' title='bbox 964 456 1148 506; x_wconf 84' lang='lat' dir='ltr'>nullius</span> <span class='ocrx_word' id='word_1_26' title='bbox 1182 422 1407 520; x_wconf 82' lang='lat' dir='ltr'>egentem</span> 
     </span>
    </p>
   </div>
   <div class='ocr_carea' id='block_1_5' title="bbox 1635 454 1702 504">
    <p class='ocr_par' dir='ltr' id='par_1_5' title="bbox 1635 454 1702 504">
     <span class='ocr_line' id='line_1_6' title="bbox 1635 454 1702 504; baseline -0.015 0"><span class='ocrx_word' id='word_1_27' title='bbox 1635 454 1702 504; x_wconf 85' lang='lat'>15</span> 
     </span>
    </p>
   </div>
   <div class='ocr_carea' id='block_1_6' title="bbox 171 538 1436 847">
    <p class='ocr_par' dir='ltr' id='par_1_6' title="bbox 171 538 1436 847">
     <span class='ocr_line' id='line_1_7' title="bbox 236 538 1384 606; baseline -0.001 -19"><span class='ocrx_word' id='word_1_28' title='bbox 236 538 503 588; x_wconf 77' lang='lat' dir='ltr'>Fortunam</span> <span class='ocrx_word' id='word_1_29' title='bbox 536 545 787 606; x_wconf 83' lang='lat' dir='ltr'>praestent</span> <span class='ocrx_word' id='word_1_30' title='bbox 822 540 1202 604; x_wconf 77' lang='lat' dir='ltr'>dissimilemque</span> <span class='ocrx_word' id='word_1_31' title='bbox 1233 553 1384 587; x_wconf 89' lang='lat' dir='ltr'>meae.</span> 
     </span>
     <span class='ocr_line' id='line_1_8' title="bbox 171 621 1397 680; baseline -0.001 -9"><span class='ocrx_word' id='word_1_32' title='bbox 171 621 232 671; x_wconf 84' lang='lat' dir='ltr'>Si</span> <span class='ocrx_word' id='word_1_33' title='bbox 265 628 425 671; x_wconf 87' lang='lat' dir='ltr'>tamen</span> <span class='ocrx_word' id='word_1_34' title='bbox 458 621 582 672; x_wconf 88' lang='lat' dir='ltr'>haee</span> <span class='ocrx_word' id='word_1_35' title='bbox 615 625 758 671; x_wconf 88' lang='lat' dir='ltr'>navis</span> <span class='ocrx_word' id='word_1_36' title='bbox 793 629 960 672; x_wconf 63' lang='lat' dir='ltr'>vento⁴</span> <span class='ocrx_word' id='word_1_37' title='bbox 978 623 1192 671; x_wconf 89' lang='lat' dir='ltr'>ferretur</span> <span class='ocrx_word' id='word_1_38' title='bbox 1226 623 1397 680; x_wconf 69' lang='lat' dir='ltr'>audeo,</span> 
     </span>
     <span class='ocr_line' id='line_1_9' title="bbox 235 705 1092 770; baseline 0.001 -17"><span class='ocrx_word' id='word_1_39' title='bbox 235 706 551 770; x_wconf 84' lang='lat' dir='ltr'>Ignoraretur</span> <span class='ocrx_word' id='word_1_40' title='bbox 584 705 792 755; x_wconf 87' lang='lat' dir='ltr'>forsitan</span> <span class='ocrx_word' id='word_1_41' title='bbox 823 708 920 755; x_wconf 88' lang='lat' dir='ltr'>ista</span> <span class='ocrx_word' id='word_1_42' title='bbox 953 705 1092 754; x_wconf 90' lang='lat' dir='ltr'>fides.</span> 
     </span>
     <span class='ocr_line' id='line_1_10' title="bbox 171 788 1436 847; baseline -0.002 -10"><span class='ocrx_word' id='word_1_43' title='bbox 171 788 371 837; x_wconf 86' lang='lat' dir='ltr'>Thesea</span> <span class='ocrx_word' id='word_1_44' title='bbox 402 788 652 838; x_wconf 87' lang='lat' dir='ltr'>Pirithous</span> <span class='ocrx_word' id='word_1_45' title='bbox 686 805 785 838; x_wconf 91' lang='lat' dir='ltr'>non</span> <span class='ocrx_word' id='word_1_46' title='bbox 816 796 912 838; x_wconf 87' lang='lat' dir='ltr'>tam</span> <span class='ocrx_word' id='word_1_47' title='bbox 946 790 1184 838; x_wconf 83' lang='lat' dir='ltr'>sensisset</span> <span class='ocrx_word' id='word_1_48' title='bbox 1216 788 1436 847; x_wconf 84' lang='lat' dir='ltr'>amicum,</span> 
     </span>
    </p>
   </div>
   <div class='ocr_carea' id='block_1_7' title="bbox 238 870 1286 937">
    <p class='ocr_par' dir='ltr' id='par_1_7' title="bbox 238 870 1286 937">
     <span class='ocr_line' id='line_1_11' title="bbox 238 870 1286 937; baseline 0 -17"><span class='ocrx_word' id='word_1_49' title='bbox 238 870 299 923; x_wconf 85' lang='lat' dir='ltr'>Si</span> <span class='ocrx_word' id='word_1_50' title='bbox 333 887 430 925; x_wconf 86' lang='lat' dir='ltr'>non</span> <span class='ocrx_word' id='word_1_51' title='bbox 464 871 681 921; x_wconf 84' lang='lat' dir='ltr'>infernas</span> <span class='ocrx_word' id='word_1_52' title='bbox 715 875 865 923; x_wconf 85' lang='lat' dir='ltr'>vivus</span> <span class='ocrx_word' id='word_1_53' title='bbox 900 872 1088 922; x_wconf 84' lang='lat' dir='ltr'>adisset</span> <span class='ocrx_word' id='word_1_54' title='bbox 1121 887 1286 937; x_wconf 69' lang='lat' dir='ltr'>aquae.</span> 
     </span>
    </p>
   </div>
   <div class='ocr_carea' id='block_1_8' title="bbox 171 1005 905 1149">
    <p class='ocr_par' dir='ltr' id='par_1_8' title="bbox 171 1005 905 1149">
     <span class='ocr_line' id='line_1_12' title="bbox 171 1005 904 1049; baseline 0.004 -12"><span class='ocrx_word' id='word_1_55' title='bbox 171 1005 322 1047; x_wconf 84' lang='lat' dir='ltr'>poribus</span> <span class='ocrx_word' id='word_1_56' title='bbox 358 1006 498 1038; x_wconf 88' lang='lat' dir='ltr'>demum</span> <span class='ocrx_word' id='word_1_57' title='bbox 533 1014 627 1047; x_wconf 87' lang='lat' dir='ltr'>rogo</span> <span class='ocrx_word' id='word_1_58' title='bbox 660 1006 834 1049; x_wconf 83' lang='lat' dir='ltr'>impositis</span> <span class='ocrx_word' id='word_1_59' title='bbox 867 1007 904 1040; x_wconf 89' lang='lat' dir='ltr'>in</span> 
     </span>
     <span class='ocr_line' id='line_1_13' title="bbox 173 1061 905 1105; baseline 0.003 -11"><span class='ocrx_word' id='word_1_60' title='bbox 173 1062 315 1094; x_wconf 85' lang='lat' dir='ltr'>coelum</span> <span class='ocrx_word' id='word_1_61' title='bbox 347 1061 511 1093; x_wconf 83' lang='lat' dir='ltr'>avolare.</span> <span class='ocrx_word' id='word_1_62' title='bbox 570 1062 634 1095; x_wconf 82' lang='lat' dir='ltr'>Sil.</span> <span class='ocrx_word' id='word_1_63' title='bbox 662 1063 717 1105; x_wconf 83' lang='lat' dir='ltr'><strong><em>X,</em></strong></span> <span class='ocrx_word' id='word_1_64' title='bbox 755 1063 831 1096; x_wconf 80' lang='grc'><strong>576.</strong></span> <span class='ocrx_word' id='word_1_65' title='bbox 859 1064 905 1096; x_wconf 90' lang='lat' dir='ltr'>de</span> 
     </span>
     <span class='ocr_line' id='line_1_14' title="bbox 173 1116 467 1149; baseline 0 0"><span class='ocrx_word' id='word_1_66' title='bbox 173 1117 296 1149; x_wconf 89' lang='lat' dir='ltr'>occiso</span> <span class='ocrx_word' id='word_1_67' title='bbox 318 1116 467 1149; x_wconf 85' lang='lat' dir='ltr'>Paullo:</span> 
     </span>
    </p>
   </div>
   <div class='ocr_carea' id='block_1_9' title="bbox 236 1190 904 1226">
    <p class='ocr_par' dir='ltr' id='par_1_9' title="bbox 236 1190 904 1226">
     <span class='ocr_line' id='line_1_15' title="bbox 236 1190 904 1226; baseline 0.006 -8"><span class='ocrx_word' id='word_1_68' title='bbox 236 1206 270 1212; x_wconf 90' lang='lat'><em>-</em></span> <span class='ocrx_word' id='word_1_69' title='bbox 302 1193 395 1226; x_wconf 82' lang='lat' dir='ltr'>atque</span> <span class='ocrx_word' id='word_1_70' title='bbox 424 1197 534 1225; x_wconf 85' lang='lat' dir='ltr'>repens</span> <span class='ocrx_word' id='word_1_71' title='bbox 568 1190 787 1226; x_wconf 83' lang='lat' dir='ltr'>crepitantibus</span> <span class='ocrx_word' id='word_1_72' title='bbox 812 1193 904 1221; x_wconf 86' lang='lat' dir='ltr'>undi-</span> 
     </span>
    </p>
   </div>
   <div class='ocr_carea' id='block_1_10' title="bbox 236 1236 904 1354">
    <p class='ocr_par' dir='ltr' id='par_1_10' title="bbox 236 1236 904 1354">
     <span class='ocr_line' id='line_1_16' title="bbox 567 1236 770 1272; baseline 0.005 -9"><span class='ocrx_word' id='word_1_73' title='bbox 567 1243 626 1272; x_wconf 82' lang='lat' dir='ltr'>que</span> <span class='ocrx_word' id='word_1_74' title='bbox 644 1236 770 1265; x_wconf 83' lang='lat' dir='ltr'>flammis</span> 
     </span>
     <span class='ocr_line' id='line_1_17' title="bbox 236 1279 904 1309; baseline 0.001 -1"><span class='ocrx_word' id='word_1_75' title='bbox 236 1280 399 1309; x_wconf 70' lang='lat' dir='ltr'>Aetherias</span> <span class='ocrx_word' id='word_1_76' title='bbox 426 1280 526 1309; x_wconf 76' lang='lat' dir='ltr'>anima</span> <span class='ocrx_word' id='word_1_77' title='bbox 552 1281 708 1309; x_wconf 78' lang='lat' dir='ltr'>exsultans</span> <span class='ocrx_word' id='word_1_78' title='bbox 742 1280 841 1309; x_wconf 81' lang='lat' dir='ltr'>evasit</span> <span class='ocrx_word' id='word_1_79' title='bbox 871 1279 904 1309; x_wconf 83' lang='lat' dir='ltr'>in</span> 
     </span>
     <span class='ocr_line' id='line_1_18' title="bbox 569 1332 670 1354; baseline 0.01 -1"><span class='ocrx_word' id='word_1_80' title='bbox 569 1332 670 1354; x_wconf 59' lang='lat' dir='ltr'>aura&amp;</span> 
     </span>
    </p>
   </div>
   <div class='ocr_carea' id='block_1_11' title="bbox 168 1385 907 2038">
    <p class='ocr_par' dir='ltr' id='par_1_11' title="bbox 168 1385 907 2038">
     <span class='ocr_line' id='line_1_19' title="bbox 170 1385 904 1426; baseline -0.004 -8"><span class='ocrx_word' id='word_1_81' title='bbox 170 1388 269 1419; x_wconf 82' lang='lat' dir='ltr'>ldem</span> <span class='ocrx_word' id='word_1_82' title='bbox 293 1387 338 1418; x_wconf 89' lang='lat' dir='ltr'>de</span> <span class='ocrx_word' id='word_1_83' title='bbox 359 1385 480 1418; x_wconf 79' lang='lat' dir='ltr'>anima</span> <span class='ocrx_word' id='word_1_84' title='bbox 502 1385 662 1426; x_wconf 87' lang='lat' dir='ltr'>Pompeii</span> <span class='ocrx_word' id='word_1_85' title='bbox 685 1386 822 1418; x_wconf 84' lang='lat' dir='ltr'>Lucan.</span> <span class='ocrx_word' id='word_1_86' title='bbox 839 1385 904 1425; x_wconf 85' lang='lat' dir='ltr'><strong><em>IX,</em></strong></span> 
     </span>
     <span class='ocr_line' id='line_1_20' title="bbox 171 1440 904 1484; baseline -0.003 -11"><span class='ocrx_word' id='word_1_87' title='bbox 171 1441 202 1474; x_wconf 93' lang='lat'>1.</span> <span class='ocrx_word' id='word_1_88' title='bbox 226 1450 326 1483; x_wconf 83' lang='lat' dir='ltr'>seqq.</span> <span class='ocrx_word' id='word_1_89' title='bbox 370 1440 587 1474; x_wconf 77' lang='lat' dir='ltr'>Conf.Fasc.</span> <span class='ocrx_word' id='word_1_90' title='bbox 603 1442 654 1484; x_wconf 91' lang='lat' dir='ltr'><strong><em>V,</em></strong></span> <span class='ocrx_word' id='word_1_91' title='bbox 677 1441 773 1483; x_wconf 61' lang='lat'>463„</span> <span class='ocrx_word' id='word_1_92' title='bbox 794 1441 904 1480; x_wconf 86' lang='lat' dir='ltr'>Prop.</span> 
     </span>
     <span class='ocr_line' id='line_1_21' title="bbox 170 1496 905 1538; baseline -0.003 -9"><span class='ocrx_word' id='word_1_93' title='bbox 170 1497 237 1538; x_wconf 88' lang='lat' dir='ltr'><strong><em>IV,</em></strong></span> <span class='ocrx_word' id='word_1_94' title='bbox 261 1497 297 1538; x_wconf 84' lang='lat'><strong><em>7,</em></strong></span> <span class='ocrx_word' id='word_1_95' title='bbox 321 1497 352 1528; x_wconf 80' lang='lat'>2.</span> <span class='ocrx_word' id='word_1_96' title='bbox 410 1497 467 1528; x_wconf 84' lang='lat' dir='ltr'>Ad</span> <span class='ocrx_word' id='word_1_97' title='bbox 496 1497 589 1528; x_wconf 84' lang='lat' dir='ltr'>hanc</span> <span class='ocrx_word' id='word_1_98' title='bbox 611 1496 905 1538; x_wconf 84' lang='lat' dir='ltr'>superstitionem</span> 
     </span>
     <span class='ocr_line' id='line_1_22' title="bbox 169 1550 907 1592; baseline 0 -9"><span class='ocrx_word' id='word_1_99' title='bbox 169 1550 331 1592; x_wconf 86' lang='lat' dir='ltr'>pertinet</span> <span class='ocrx_word' id='word_1_100' title='bbox 354 1550 463 1583; x_wconf 81' lang='lat' dir='ltr'>etiam</span> <span class='ocrx_word' id='word_1_101' title='bbox 485 1560 562 1584; x_wconf 89' lang='lat' dir='ltr'>mos</span> <span class='ocrx_word' id='word_1_102' title='bbox 578 1550 613 1583; x_wconf 91' lang='lat' dir='ltr'>iu</span> <span class='ocrx_word' id='word_1_103' title='bbox 628 1551 907 1585; x_wconf 85' lang='lat' dir='ltr'>consecratione</span> 
     </span>
     <span class='ocr_line' id='line_1_23' title="bbox 168 1606 907 1649; baseline 0 -10"><span class='ocrx_word' id='word_1_104' title='bbox 168 1607 443 1649; x_wconf 87' lang='lat' dir='ltr'>imperatorum,</span> <span class='ocrx_word' id='word_1_105' title='bbox 468 1608 508 1639; x_wconf 91' lang='lat' dir='ltr'>ut</span> <span class='ocrx_word' id='word_1_106' title='bbox 520 1607 667 1639; x_wconf 87' lang='lat' dir='ltr'>incenso</span> <span class='ocrx_word' id='word_1_107' title='bbox 681 1615 772 1648; x_wconf 86' lang='lat' dir='ltr'>rogo</span> <span class='ocrx_word' id='word_1_108' title='bbox 785 1606 907 1647; x_wconf 83' lang='lat' dir='ltr'>aquila</span> 
     </span>
     <span class='ocr_line' id='line_1_24' title="bbox 169 1654 905 1704; baseline -0.001 -9"><span class='ocrx_word' id='word_1_109' title='bbox 169 1654 423 1704; x_wconf 82' lang='lat' dir='ltr'>emitteretur,</span> <span class='ocrx_word' id='word_1_110' title='bbox 456 1670 550 1703; x_wconf 83' lang='lat' dir='ltr'>quae</span> <span class='ocrx_word' id='word_1_111' title='bbox 583 1661 699 1702; x_wconf 82' lang='lat' dir='ltr'>ipsam</span> <span class='ocrx_word' id='word_1_112' title='bbox 732 1661 905 1704; x_wconf 85' lang='lat' dir='ltr'>principis</span> 
     </span>
     <span class='ocr_line' id='line_1_25' title="bbox 169 1716 904 1751; baseline -0.003 -1"><span class='ocrx_word' id='word_1_113' title='bbox 169 1718 322 1750; x_wconf 81' lang='lat' dir='ltr'>animam</span> <span class='ocrx_word' id='word_1_114' title='bbox 336 1718 373 1750; x_wconf 89' lang='lat' dir='ltr'>in</span> <span class='ocrx_word' id='word_1_115' title='bbox 393 1719 535 1751; x_wconf 85' lang='lat' dir='ltr'>coelum</span> <span class='ocrx_word' id='word_1_116' title='bbox 558 1719 660 1750; x_wconf 85' lang='lat' dir='ltr'>ferre</span> <span class='ocrx_word' id='word_1_117' title='bbox 675 1716 904 1748; x_wconf 84' lang='lat' dir='ltr'>credebatur.</span> 
     </span>
     <span class='ocr_line' id='line_1_26' title="bbox 170 1766 905 1806; baseline -0.003 -2"><span class='ocrx_word' id='word_1_118' title='bbox 170 1767 252 1804; x_wconf 81' lang='lat' dir='ltr'>Vid.</span> <span class='ocrx_word' id='word_1_119' title='bbox 276 1766 471 1805; x_wconf 75' lang='lat' dir='ltr'>Herodian.</span> <span class='ocrx_word' id='word_1_120' title='bbox 496 1775 560 1806; x_wconf 79' lang='lat' dir='ltr'>IV.</span> <span class='ocrx_word' id='word_1_121' title='bbox 586 1782 616 1805; x_wconf 93' lang='lat' dir='ltr'>c.</span> <span class='ocrx_word' id='word_1_122' title='bbox 640 1772 672 1804; x_wconf 78' lang='lat'>2.</span> <span class='ocrx_word' id='word_1_123' title='bbox 696 1774 733 1803; x_wconf 88' lang='lat' dir='ltr'>et</span> <span class='ocrx_word' id='word_1_124' title='bbox 743 1770 905 1804; x_wconf 77' lang='lat' dir='ltr'>Forcell.</span> 
     </span>
     <span class='ocr_line' id='line_1_27' title="bbox 169 1825 905 1862; baseline -0.004 -3"><span class='ocrx_word' id='word_1_125' title='bbox 169 1826 207 1859; x_wconf 89' lang='lat' dir='ltr'>in</span> <span class='ocrx_word' id='word_1_126' title='bbox 235 1827 485 1861; x_wconf 75' lang='lat' dir='ltr'>consecratio.</span> <span class='ocrx_word' id='word_1_127' title='bbox 539 1830 642 1862; x_wconf 83' lang='lat' dir='ltr'>Unde</span> <span class='ocrx_word' id='word_1_128' title='bbox 670 1825 905 1859; x_wconf 83' lang='lat' dir='ltr'>consecratio</span> 
     </span>
     <span class='ocr_line' id='line_1_28' title="bbox 168 1880 907 1924; baseline -0.003 -10"><span class='ocrx_word' id='word_1_129' title='bbox 168 1882 207 1915; x_wconf 91' lang='lat' dir='ltr'>in</span> <span class='ocrx_word' id='word_1_130' title='bbox 229 1884 345 1915; x_wconf 91' lang='lat' dir='ltr'>numis</span> <span class='ocrx_word' id='word_1_131' title='bbox 367 1892 465 1916; x_wconf 89' lang='lat' dir='ltr'>nunc</span> <span class='ocrx_word' id='word_1_132' title='bbox 487 1884 570 1916; x_wconf 86' lang='lat' dir='ltr'>sola</span> <span class='ocrx_word' id='word_1_133' title='bbox 592 1882 729 1924; x_wconf 83' lang='lat' dir='ltr'>aquila,</span> <span class='ocrx_word' id='word_1_134' title='bbox 752 1890 851 1913; x_wconf 85' lang='lat' dir='ltr'>nunc</span> <span class='ocrx_word' id='word_1_135' title='bbox 873 1880 907 1912; x_wconf 90' lang='lat' dir='ltr'>ei</span> 
     </span>
     <span class='ocr_line' id='line_1_29' title="bbox 169 1936 906 1984; baseline -0.001 -14"><span class='ocrx_word' id='word_1_136' title='bbox 169 1938 348 1971; x_wconf 88' lang='lat' dir='ltr'>insidente</span> <span class='ocrx_word' id='word_1_137' title='bbox 371 1939 602 1980; x_wconf 82' lang='lat' dir='ltr'>imperatoris</span> <span class='ocrx_word' id='word_1_138' title='bbox 626 1936 748 1978; x_wconf 84' lang='lat' dir='ltr'>effigie</span> <span class='ocrx_word' id='word_1_139' title='bbox 766 1936 906 1984; x_wconf 60' lang='lat' dir='ltr'>indica«-</span> 
     </span>
     <span class='ocr_line' id='line_1_30' title="bbox 169 1994 704 2038; baseline -0.004 -12"><span class='ocrx_word' id='word_1_140' title='bbox 169 1995 240 2027; x_wconf 85' lang='lat' dir='ltr'>tur.</span> <span class='ocrx_word' id='word_1_141' title='bbox 288 1995 392 2028; x_wconf 77' lang='lat' dir='ltr'>Conf-</span> <span class='ocrx_word' id='word_1_142' title='bbox 416 1996 477 2028; x_wconf 79' lang='lat' dir='ltr'>Tr.</span> <span class='ocrx_word' id='word_1_143' title='bbox 500 1996 567 2038; x_wconf 91' lang='lat'><strong><em>111,</em></strong></span> <span class='ocrx_word' id='word_1_144' title='bbox 590 1995 626 2036; x_wconf 81' lang='lat'><strong><em>3,</em></strong></span> <span class='ocrx_word' id='word_1_145' title='bbox 650 1994 704 2025; x_wconf 88' lang='grc'>60.</span> 
     </span>
    </p>
   </div>
   <div class='ocr_carea' id='block_1_12' title="bbox 167 2067 911 2889">
    <p class='ocr_par' dir='ltr' id='par_1_12' title="bbox 167 2067 911 2889">
     <span class='ocr_line' id='line_1_31' title="bbox 220 2067 906 2112; baseline -0.01 -7"><span class='ocrx_word' id='word_1_146' title='bbox 220 2072 272 2105; x_wconf 78' lang='lat'>14.</span> <span class='ocrx_word' id='word_1_147' title='bbox 306 2070 451 2112; x_wconf 71' lang='lat' dir='ltr'>Lonqa.</span> <span class='ocrx_word' id='word_1_148' title='bbox 505 2071 605 2104; x_wconf 85' lang='lat' dir='ltr'>Unus</span> <span class='ocrx_word' id='word_1_149' title='bbox 638 2067 776 2102; x_wconf 85' lang='lat' dir='ltr'>Heinsii</span> <span class='ocrx_word' id='word_1_150' title='bbox 810 2067 906 2108; x_wconf 78' lang='lat' dir='ltr'>apud</span> 
     </span>
     <span class='ocr_line' id='line_1_32' title="bbox 170 2123 906 2169; baseline -0.008 -8"><span class='ocrx_word' id='word_1_151' title='bbox 170 2129 290 2161; x_wconf 84' lang='lat' dir='ltr'>Burm.</span> <span class='ocrx_word' id='word_1_152' title='bbox 325 2127 455 2169; x_wconf 61' lang='lat' dir='ltr'>longo.</span> <span class='ocrx_word' id='word_1_153' title='bbox 511 2127 617 2159; x_wconf 84' lang='lat' dir='ltr'>Serv.</span> <span class='ocrx_word' id='word_1_154' title='bbox 647 2125 697 2167; x_wconf 42' lang='lat' dir='ltr'>‚ad</span> <span class='ocrx_word' id='word_1_155' title='bbox 727 2123 833 2164; x_wconf 83' lang='lat' dir='ltr'>virg.</span> <span class='ocrx_word' id='word_1_156' title='bbox 862 2124 906 2156; x_wconf 82' lang='grc' dir='ltr'>Δ.</span> 
     </span>
     <span class='ocr_line' id='line_1_33' title="bbox 172 2179 908 2227; baseline -0.014 -9"><span class='ocrx_word' id='word_1_157' title='bbox 172 2185 224 2227; x_wconf 89' lang='lat' dir='ltr'><strong><em>V,</em></strong></span> <span class='ocrx_word' id='word_1_158' title='bbox 247 2185 324 2217; x_wconf 80' lang='lat'>783.</span> <span class='ocrx_word' id='word_1_159' title='bbox 369 2182 505 2224; x_wconf 68' lang='lat' dir='ltr'>Lonqa</span> <span class='ocrx_word' id='word_1_160' title='bbox 534 2179 615 2214; x_wconf 71' lang='lat' dir='ltr'>dies</span> <span class='ocrx_word' id='word_1_161' title='bbox 643 2179 668 2211; x_wconf 80' lang='lat' dir='ltr'>i.</span> <span class='ocrx_word' id='word_1_162' title='bbox 699 2187 730 2212; x_wconf 85' lang='lat' dir='ltr'>e.</span> <span class='ocrx_word' id='word_1_163' title='bbox 754 2179 908 2220; x_wconf 68' lang='lat' dir='ltr'>longum</span> 
     </span>
     <span class='ocr_line' id='line_1_34' title="bbox 170 2233 906 2282; baseline -0.012 -9"><span class='ocrx_word' id='word_1_164' title='bbox 170 2242 328 2281; x_wconf 81' lang='lat' dir='ltr'>tempus,</span> <span class='ocrx_word' id='word_1_165' title='bbox 354 2239 400 2272; x_wconf 77' lang='lat' dir='ltr'>de</span> <span class='ocrx_word' id='word_1_166' title='bbox 422 2246 495 2282; x_wconf 76' lang='lat' dir='ltr'>quo</span> <span class='ocrx_word' id='word_1_167' title='bbox 531 2235 621 2269; x_wconf 80' lang='lat' dir='ltr'>licet</span> <span class='ocrx_word' id='word_1_168' title='bbox 638 2233 818 2278; x_wconf 80' lang='lat' dir='ltr'>feminino</span> <span class='ocrx_word' id='word_1_169' title='bbox 838 2240 906 2275; x_wconf 70' lang='lat' dir='ltr'>qe·-</span> 
     </span>
     <span class='ocr_line' id='line_1_35' title="bbox 169 2286 906 2335; baseline -0.015 -5"><span class='ocrx_word' id='word_1_170' title='bbox 169 2305 262 2329; x_wconf 82' lang='lat' dir='ltr'>nere</span> <span class='ocrx_word' id='word_1_171' title='bbox 284 2288 467 2335; x_wconf 59' lang='lat' dir='ltr'>dicamas,</span> <span class='ocrx_word' id='word_1_172' title='bbox 492 2293 615 2325; x_wconf 80' lang='lat' dir='ltr'>tamen</span> <span class='ocrx_word' id='word_1_173' title='bbox 640 2290 678 2322; x_wconf 84' lang='lat' dir='ltr'>et</span> <span class='ocrx_word' id='word_1_174' title='bbox 695 2286 906 2334; x_wconf 63' lang='lat' dir='ltr'>masculino</span> 
     </span>
     <span class='ocr_line' id='line_1_36' title="bbox 169 2342 905 2385; baseline -0.014 0"><span class='ocrx_word' id='word_1_175' title='bbox 169 2351 340 2385; x_wconf 78' lang='lat' dir='ltr'>dicimus.</span> <span class='ocrx_word' id='word_1_176' title='bbox 396 2350 501 2383; x_wconf 89' lang='lat' dir='ltr'>Nam</span> <span class='ocrx_word' id='word_1_177' title='bbox 531 2347 577 2380; x_wconf 83' lang='lat' dir='ltr'>de</span> <span class='ocrx_word' id='word_1_178' title='bbox 607 2346 712 2378; x_wconf 82' lang='lat' dir='ltr'>certo</span> <span class='ocrx_word' id='word_1_179' title='bbox 738 2343 797 2377; x_wconf 77' lang='lat' dir='ltr'>die</span> <span class='ocrx_word' id='word_1_180' title='bbox 818 2342 905 2377; x_wconf 83' lang='lat' dir='ltr'>ma-</span> 
     </span>
     <span class='ocr_line' id='line_1_37' title="bbox 167 2401 905 2440; baseline -0.009 0"><span class='ocrx_word' id='word_1_181' title='bbox 167 2407 315 2440; x_wconf 81' lang='lat' dir='ltr'>sculino</span> <span class='ocrx_word' id='word_1_182' title='bbox 341 2406 490 2439; x_wconf 85' lang='lat' dir='ltr'>tantum</span> <span class='ocrx_word' id='word_1_183' title='bbox 512 2402 710 2437; x_wconf 78' lang='lat' dir='ltr'>dicendum</span> <span class='ocrx_word' id='word_1_184' title='bbox 729 2401 795 2433; x_wconf 83' lang='lat' dir='ltr'>est.</span> <span class='ocrx_word' id='word_1_185' title='bbox 829 2401 905 2434; x_wconf 79' lang='lat' dir='ltr'>Tib.</span> 
     </span>
     <span class='ocr_line' id='line_1_38' title="bbox 167 2455 905 2506; baseline -0.009 -10"><span class='ocrx_word' id='word_1_186' title='bbox 167 2464 200 2506; x_wconf 89' lang='lat'><strong><em>1,</em></strong></span> <span class='ocrx_word' id='word_1_187' title='bbox 223 2464 259 2505; x_wconf 77' lang='lat'><strong><em>4,</em></strong></span> <span class='ocrx_word' id='word_1_188' title='bbox 285 2462 336 2495; x_wconf 83' lang='lat'>17.</span> <span class='ocrx_word' id='word_1_189' title='bbox 394 2460 529 2502; x_wconf 71' lang='lat' dir='ltr'>Lonya</span> <span class='ocrx_word' id='word_1_190' title='bbox 557 2457 637 2493; x_wconf 77' lang='lat' dir='ltr'>dies</span> <span class='ocrx_word' id='word_1_191' title='bbox 668 2455 805 2488; x_wconf 72' lang='lat' dir='ltr'>homini</span> <span class='ocrx_word' id='word_1_192' title='bbox 834 2457 905 2490; x_wconf 85' lang='lat' dir='ltr'>do-</span> 
     </span>
     <span class='ocr_line' id='line_1_39' title="bbox 171 2512 908 2557; baseline -0.008 -8"><span class='ocrx_word' id='word_1_193' title='bbox 171 2517 253 2550; x_wconf 82' lang='lat' dir='ltr'>cuit</span> <span class='ocrx_word' id='word_1_194' title='bbox 273 2525 419 2557; x_wconf 78' lang='lat' dir='ltr'>parere</span> <span class='ocrx_word' id='word_1_195' title='bbox 441 2517 576 2549; x_wconf 79' lang='lat' dir='ltr'>leones.</span> <span class='ocrx_word' id='word_1_196' title='bbox 631 2512 842 2556; x_wconf 81' lang='lat' dir='ltr'>Quanquam</span> <span class='ocrx_word' id='word_1_197' title='bbox 866 2521 908 2545; x_wconf 90' lang='lat' dir='ltr'>e-</span> 
     </span>
     <span class='ocr_line' id='line_1_40' title="bbox 170 2569 907 2606; baseline -0.008 -1"><span class='ocrx_word' id='word_1_198' title='bbox 170 2573 258 2606; x_wconf 83' lang='lat' dir='ltr'>tiam</span> <span class='ocrx_word' id='word_1_199' title='bbox 283 2573 326 2603; x_wconf 88' lang='lat' dir='ltr'>de</span> <span class='ocrx_word' id='word_1_200' title='bbox 351 2580 423 2603; x_wconf 90' lang='lat' dir='ltr'>uno</span> <span class='ocrx_word' id='word_1_201' title='bbox 447 2574 484 2604; x_wconf 89' lang='lat' dir='ltr'>et</span> <span class='ocrx_word' id='word_1_202' title='bbox 515 2571 618 2603; x_wconf 89' lang='lat' dir='ltr'>certo</span> <span class='ocrx_word' id='word_1_203' title='bbox 651 2569 708 2601; x_wconf 91' lang='lat' dir='ltr'>die</span> <span class='ocrx_word' id='word_1_204' title='bbox 738 2577 907 2601; x_wconf 89' lang='lat' dir='ltr'>nonnun-</span> 
     </span>
     <span class='ocr_line' id='line_1_41' title="bbox 169 2625 908 2669; baseline -0.005 -9"><span class='ocrx_word' id='word_1_205' title='bbox 169 2636 274 2669; x_wconf 83' lang='lat' dir='ltr'>quam</span> <span class='ocrx_word' id='word_1_206' title='bbox 333 2628 506 2659; x_wconf 85' lang='lat' dir='ltr'>feminino</span> <span class='ocrx_word' id='word_1_207' title='bbox 560 2626 739 2659; x_wconf 83' lang='lat' dir='ltr'>dixerunt.</span> <span class='ocrx_word' id='word_1_208' title='bbox 817 2625 908 2665; x_wconf 77' lang='lat' dir='ltr'>Nep.</span> 
     </span>
     <span class='ocr_line' id='line_1_42' title="bbox 170 2679 905 2725; baseline -0.01 -8"><span class='ocrx_word' id='word_1_209' title='bbox 170 2683 301 2717; x_wconf 84' lang='lat' dir='ltr'>Chabr.</span> <span class='ocrx_word' id='word_1_210' title='bbox 334 2691 366 2715; x_wconf 92' lang='lat' dir='ltr'>c.</span> <span class='ocrx_word' id='word_1_211' title='bbox 391 2684 445 2725; x_wconf 88' lang='grc'>3.,</span> <span class='ocrx_word' id='word_1_212' title='bbox 480 2683 584 2716; x_wconf 85' lang='lat' dir='ltr'>caes.</span> <span class='ocrx_word' id='word_1_213' title='bbox 615 2683 653 2713; x_wconf 91' lang='lat' dir='ltr'>B.</span> <span class='ocrx_word' id='word_1_214' title='bbox 687 2679 726 2714; x_wconf 86' lang='lat' dir='ltr'>C.</span> <span class='ocrx_word' id='word_1_215' title='bbox 749 2681 777 2711; x_wconf 87' lang='grc' dir='ltr'>Ι.</span> <span class='ocrx_word' id='word_1_216' title='bbox 802 2687 831 2711; x_wconf 85' lang='lat' dir='ltr'>c.</span> <span class='ocrx_word' id='word_1_217' title='bbox 857 2679 905 2720; x_wconf 83' lang='lat'>2.,</span> 
     </span>
     <span class='ocr_line' id='line_1_43' title="bbox 167 2735 909 2778; baseline -0.008 -7"><span class='ocrx_word' id='word_1_218' title='bbox 167 2739 206 2771; x_wconf 84' lang='grc' dir='ltr'>Β.</span> <span class='ocrx_word' id='word_1_219' title='bbox 232 2739 274 2771; x_wconf 81' lang='lat' dir='ltr'>G.</span> <span class='ocrx_word' id='word_1_220' title='bbox 299 2740 326 2770; x_wconf 92' lang='lat'>1.</span> <span class='ocrx_word' id='word_1_221' title='bbox 352 2746 383 2770; x_wconf 92' lang='lat' dir='ltr'>c.</span> <span class='ocrx_word' id='word_1_222' title='bbox 407 2739 439 2770; x_wconf 88' lang='grc'><strong>6.</strong></span> <span class='ocrx_word' id='word_1_223' title='bbox 462 2737 582 2778; x_wconf 87' lang='lat' dir='ltr'>ibique</span> <span class='ocrx_word' id='word_1_224' title='bbox 606 2737 787 2778; x_wconf 84' lang='lat' dir='ltr'>interpp.,</span> <span class='ocrx_word' id='word_1_225' title='bbox 819 2735 909 2766; x_wconf 86' lang='lat' dir='ltr'>Hor.</span> 
     </span>
     <span class='ocr_line' id='line_1_44' title="bbox 168 2790 911 2835; baseline -0.004 -10"><span class='ocrx_word' id='word_1_226' title='bbox 168 2792 280 2835; x_wconf 76' lang='lat' dir='ltr'>Epist.</span> <span class='ocrx_word' id='word_1_227' title='bbox 305 2794 336 2834; x_wconf 91' lang='lat'><strong><em>1,</em></strong></span> <span class='ocrx_word' id='word_1_228' title='bbox 362 2792 396 2835; x_wconf 91' lang='lat'><strong><em>1,</em></strong></span> <span class='ocrx_word' id='word_1_229' title='bbox 418 2793 495 2835; x_wconf 62' lang='lat'>20„</span> <span class='ocrx_word' id='word_1_230' title='bbox 518 2795 606 2825; x_wconf 84' lang='lat' dir='ltr'>Met.</span> <span class='ocrx_word' id='word_1_231' title='bbox 631 2793 669 2834; x_wconf 93' lang='lat'><strong><em>1,</em></strong></span> <span class='ocrx_word' id='word_1_232' title='bbox 694 2791 787 2833; x_wconf 81' lang='lat'>346„</span> <span class='ocrx_word' id='word_1_233' title='bbox 808 2790 911 2832; x_wconf 77' lang='lat' dir='ltr'>xrv,</span> 
     </span>
     <span class='ocr_line' id='line_1_45' title="bbox 171 2847 910 2889; baseline -0.005 -7"><span class='ocrx_word' id='word_1_234' title='bbox 171 2849 246 2882; x_wconf 80' lang='grc'><strong>148.</strong></span> <span class='ocrx_word' id='word_1_235' title='bbox 268 2851 305 2881; x_wconf 85' lang='lat' dir='ltr'>et</span> <span class='ocrx_word' id='word_1_236' title='bbox 327 2851 402 2880; x_wconf 86' lang='lat' dir='ltr'>not.</span> <span class='ocrx_word' id='word_1_237' title='bbox 426 2849 472 2880; x_wconf 84' lang='lat' dir='ltr'>ad</span> <span class='ocrx_word' id='word_1_238' title='bbox 495 2848 556 2881; x_wconf 81' lang='lat' dir='ltr'>Tr.</span> <span class='ocrx_word' id='word_1_239' title='bbox 576 2848 643 2889; x_wconf 81' lang='lat' dir='ltr'><strong><em>IV,</em></strong></span> <span class='ocrx_word' id='word_1_240' title='bbox 667 2848 702 2888; x_wconf 89' lang='lat'>6,</span> <span class='ocrx_word' id='word_1_241' title='bbox 715 2847 769 2880; x_wconf 86' lang='grc'>38.</span> <span class='ocrx_word' id='word_1_242' title='bbox 789 2863 830 2870; x_wconf 90' lang='grc'><strong>-</strong></span> <span class='ocrx_word' id='word_1_243' title='bbox 855 2847 910 2880; x_wconf 88' lang='lat' dir='ltr'>De</span> 
     </span>
    </p>
   </div>
   <div class='ocr_carea' id='block_1_13' title="bbox 1636 870 1718 920">
    <p class='ocr_par' dir='ltr' id='par_1_13' title="bbox 1636 870 1718 920">
     <span class='ocr_line' id='line_1_46' title="bbox 1636 870 1718 920; baseline 0.012 -1"><span class='ocrx_word' id='word_1_244' title='bbox 1636 870 1718 920; x_wconf 54' lang='grc' dir='ltr'>20χ</span> 
     </span>
    </p>
   </div>
   <div class='ocr_carea' id='block_1_14' title="bbox 970 1003 1704 1104">
    <p class='ocr_par' dir='ltr' id='par_1_14' title="bbox 970 1003 1704 1104">
     <span class='ocr_line' id='line_1_47' title="bbox 971 1003 1704 1047; baseline -0.004 -8"><span class='ocrx_word' id='word_1_245' title='bbox 971 1004 1125 1039; x_wconf 69' lang='lat' dir='ltr'>excidat</span> <span class='ocrx_word' id='word_1_246' title='bbox 1147 1004 1220 1037; x_wconf 86' lang='lat' dir='ltr'>vid.</span> <span class='ocrx_word' id='word_1_247' title='bbox 1243 1004 1291 1036; x_wconf 71' lang='lat' dir='ltr'>aa</span> <span class='ocrx_word' id='word_1_248' title='bbox 1312 1005 1345 1047; x_wconf 89' lang='lat'><strong><em>1,</em></strong></span> <span class='ocrx_word' id='word_1_249' title='bbox 1368 1004 1405 1046; x_wconf 72' lang='grc'><strong>6,</strong></span> <span class='ocrx_word' id='word_1_250' title='bbox 1428 1003 1484 1037; x_wconf 67' lang='grc'><strong>38.</strong></span> <span class='ocrx_word' id='word_1_251' title='bbox 1509 1018 1551 1026; x_wconf 92' lang='lat'>-</span> <span class='ocrx_word' id='word_1_252' title='bbox 1573 1003 1704 1038; x_wconf 64' lang='lat' dir='ltr'>nram.</span> 
     </span>
     <span class='ocr_line' id='line_1_48' title="bbox 970 1057 1382 1104; baseline -0.012 -8"><span class='ocrx_word' id='word_1_253' title='bbox 970 1070 1039 1104; x_wconf 85' lang='lat' dir='ltr'>pro</span> <span class='ocrx_word' id='word_1_254' title='bbox 1063 1072 1099 1094; x_wconf 90' lang='lat' dir='ltr'>v.</span> <span class='ocrx_word' id='word_1_255' title='bbox 1122 1069 1196 1093; x_wconf 84' lang='lat' dir='ltr'>scr.</span> <span class='ocrx_word' id='word_1_256' title='bbox 1220 1057 1382 1092; x_wconf 78' lang='lat' dir='ltr'>decidat.</span> 
     </span>
    </p>
   </div>
   <div class='ocr_carea' id='block_1_15' title="bbox 970 1133 1708 1402">
    <p class='ocr_par' dir='ltr' id='par_1_15' title="bbox 970 1133 1708 1402">
     <span class='ocr_line' id='line_1_49' title="bbox 1015 1133 1706 1179; baseline -0.006 -7"><span class='ocrx_word' id='word_1_257' title='bbox 1015 1139 1069 1172; x_wconf 81' lang='lat'>15.</span> <span class='ocrx_word' id='word_1_258' title='bbox 1102 1138 1294 1179; x_wconf 72' lang='lat' dir='ltr'>quntem.</span> <span class='ocrx_word' id='word_1_259' title='bbox 1339 1137 1418 1169; x_wconf 86' lang='lat' dir='ltr'>Put.</span> <span class='ocrx_word' id='word_1_260' title='bbox 1452 1133 1605 1177; x_wconf 62' lang='lat' dir='ltr'>egentis.</span> <span class='ocrx_word' id='word_1_261' title='bbox 1656 1135 1706 1169; x_wconf 84' lang='lat' dir='ltr'>V.</span> 
     </span>
     <span class='ocr_line' id='line_1_50' title="bbox 972 1186 1706 1236; baseline -0.004 -9"><span class='ocrx_word' id='word_1_262' title='bbox 972 1194 1023 1227; x_wconf 90' lang='grc'>16.</span> <span class='ocrx_word' id='word_1_263' title='bbox 1046 1193 1145 1226; x_wconf 85' lang='lat' dir='ltr'>BusL</span> <span class='ocrx_word' id='word_1_264' title='bbox 1167 1192 1314 1234; x_wconf 82' lang='lat' dir='ltr'>praest.</span> <span class='ocrx_word' id='word_1_265' title='bbox 1334 1190 1431 1233; x_wconf 82' lang='lat' dir='ltr'>fort.</span> <span class='ocrx_word' id='word_1_266' title='bbox 1477 1193 1570 1236; x_wconf 89' lang='lat' dir='ltr'>1un.,</span> <span class='ocrx_word' id='word_1_267' title='bbox 1587 1186 1706 1235; x_wconf 63' lang='lat' dir='ltr'>Leid„</span> 
     </span>
     <span class='ocr_line' id='line_1_51' title="bbox 970 1247 1706 1291; baseline -0.004 -10"><span class='ocrx_word' id='word_1_268' title='bbox 970 1250 1016 1281; x_wconf 85' lang='lat' dir='ltr'>fr.</span> <span class='ocrx_word' id='word_1_269' title='bbox 1039 1250 1156 1291; x_wconf 63' lang='lat' dir='ltr'>Rev„</span> <span class='ocrx_word' id='word_1_270' title='bbox 1196 1248 1272 1280; x_wconf 85' lang='lat' dir='ltr'>Pal.</span> <span class='ocrx_word' id='word_1_271' title='bbox 1304 1247 1334 1280; x_wconf 92' lang='lat'>1.</span> <span class='ocrx_word' id='word_1_272' title='bbox 1366 1250 1403 1279; x_wconf 91' lang='lat' dir='ltr'>et</span> <span class='ocrx_word' id='word_1_273' title='bbox 1434 1247 1467 1279; x_wconf 77' lang='lat'>2.</span> <span class='ocrx_word' id='word_1_274' title='bbox 1489 1247 1706 1288; x_wconf 80' lang='lat' dir='ltr'>praestant.</span> 
     </span>
     <span class='ocr_line' id='line_1_52' title="bbox 970 1301 1708 1344; baseline -0.003 -7"><span class='ocrx_word' id='word_1_275' title='bbox 970 1305 1046 1337; x_wconf 83' lang='lat' dir='ltr'>Pal.</span> <span class='ocrx_word' id='word_1_276' title='bbox 1061 1304 1091 1336; x_wconf 91' lang='lat'>1.</span> <span class='ocrx_word' id='word_1_277' title='bbox 1116 1306 1154 1337; x_wconf 88' lang='lat' dir='ltr'>et</span> <span class='ocrx_word' id='word_1_278' title='bbox 1175 1305 1231 1336; x_wconf 89' lang='lat' dir='ltr'>ed.</span> <span class='ocrx_word' id='word_1_279' title='bbox 1254 1311 1309 1344; x_wconf 86' lang='lat' dir='ltr'>pr.</span> <span class='ocrx_word' id='word_1_280' title='bbox 1321 1302 1463 1336; x_wconf 82' lang='lat' dir='ltr'>Heinsii</span> <span class='ocrx_word' id='word_1_281' title='bbox 1483 1301 1708 1335; x_wconf 76' lang='lat' dir='ltr'>assimilem-</span> 
     </span>
     <span class='ocr_line' id='line_1_53' title="bbox 973 1368 1055 1402; baseline -0.012 -11"><span class='ocrx_word' id='word_1_282' title='bbox 973 1368 1055 1402; x_wconf 81' lang='lat' dir='ltr'>que.</span> 
     </span>
    </p>
   </div>
   <div class='ocr_carea' id='block_1_16' title="bbox 970 1434 1711 1691">
    <p class='ocr_par' dir='ltr' id='par_1_16' title="bbox 970 1434 1711 1691">
     <span class='ocr_line' id='line_1_54' title="bbox 1016 1434 1710 1478; baseline -0.003 -8"><span class='ocrx_word' id='word_1_283' title='bbox 1016 1438 1069 1470; x_wconf 83' lang='grc'>17.</span> <span class='ocrx_word' id='word_1_284' title='bbox 1103 1437 1209 1469; x_wconf 84' lang='lat' dir='ltr'>Haec</span> <span class='ocrx_word' id='word_1_285' title='bbox 1243 1434 1375 1478; x_wconf 70' lang='lat' dir='ltr'>navis,</span> <span class='ocrx_word' id='word_1_286' title='bbox 1420 1437 1572 1469; x_wconf 84' lang='lat' dir='ltr'>fortuna</span> <span class='ocrx_word' id='word_1_287' title='bbox 1613 1442 1710 1478; x_wconf 76' lang='lat' dir='ltr'>mea,</span> 
     </span>
     <span class='ocr_line' id='line_1_55' title="bbox 970 1486 1711 1534; baseline -0.001 -11"><span class='ocrx_word' id='word_1_288' title='bbox 970 1488 1018 1523; x_wconf 75' lang='grc' dir='ltr'>τὰ</span> <span class='ocrx_word' id='word_1_289' title='bbox 1041 1486 1122 1533; x_wconf 76' lang='grc' dir='ltr'><strong>ἐμά.</strong></span> <span class='ocrx_word' id='word_1_290' title='bbox 1157 1492 1240 1524; x_wconf 87' lang='lat' dir='ltr'>Vid.</span> <span class='ocrx_word' id='word_1_291' title='bbox 1264 1493 1338 1523; x_wconf 92' lang='lat' dir='ltr'>not.</span> <span class='ocrx_word' id='word_1_292' title='bbox 1362 1493 1409 1523; x_wconf 84' lang='lat' dir='ltr'>ad</span> <span class='ocrx_word' id='word_1_293' title='bbox 1432 1493 1464 1534; x_wconf 85' lang='lat'><strong><em>1,</em></strong></span> <span class='ocrx_word' id='word_1_294' title='bbox 1478 1492 1514 1533; x_wconf 92' lang='lat'>6,</span> <span class='ocrx_word' id='word_1_295' title='bbox 1529 1491 1562 1522; x_wconf 88' lang='grc'>8.</span> <span class='ocrx_word' id='word_1_296' title='bbox 1601 1490 1711 1525; x_wconf 77' lang='lat' dir='ltr'>,Fer-</span> 
     </span>
     <span class='ocr_line' id='line_1_56' title="bbox 972 1546 1710 1592; baseline 0 -14"><span class='ocrx_word' id='word_1_297' title='bbox 972 1548 1098 1592; x_wconf 75' lang='lat' dir='ltr'>retur.</span> <span class='ocrx_word' id='word_1_298' title='bbox 1141 1546 1250 1580; x_wconf 76' lang='lat' dir='ltr'>Conf.</span> <span class='ocrx_word' id='word_1_299' title='bbox 1273 1547 1305 1588; x_wconf 92' lang='lat'><strong><em>1,</em></strong></span> <span class='ocrx_word' id='word_1_300' title='bbox 1328 1546 1365 1590; x_wconf 81' lang='lat'><strong><em>4,</em></strong></span> <span class='ocrx_word' id='word_1_301' title='bbox 1389 1546 1442 1580; x_wconf 89' lang='grc'>18.</span> <span class='ocrx_word' id='word_1_302' title='bbox 1485 1549 1579 1580; x_wconf 74' lang='lat' dir='ltr'>&#39;fres</span> <span class='ocrx_word' id='word_1_303' title='bbox 1604 1547 1710 1579; x_wconf 86' lang='lat' dir='ltr'>codd.</span> 
     </span>
     <span class='ocr_line' id='line_1_57' title="bbox 974 1600 1710 1644; baseline 0.001 -10"><span class='ocrx_word' id='word_1_304' title='bbox 974 1601 1111 1634; x_wconf 86' lang='lat' dir='ltr'>Heinsii</span> <span class='ocrx_word' id='word_1_305' title='bbox 1132 1600 1347 1643; x_wconf 80' lang='lat' dir='ltr'>frueretur.</span> <span class='ocrx_word' id='word_1_306' title='bbox 1372 1620 1417 1626; x_wconf 90' lang='lat'><em>-</em></span> <span class='ocrx_word' id='word_1_307' title='bbox 1438 1604 1485 1636; x_wconf 90' lang='lat' dir='ltr'>V.</span> <span class='ocrx_word' id='word_1_308' title='bbox 1522 1602 1574 1636; x_wconf 84' lang='grc'>18.</span> <span class='ocrx_word' id='word_1_309' title='bbox 1613 1602 1710 1644; x_wconf 69' lang='lat' dir='ltr'>Gall.</span> 
     </span>
     <span class='ocr_line' id='line_1_58' title="bbox 972 1657 1054 1691; baseline 0.012 -1"><span class='ocrx_word' id='word_1_310' title='bbox 972 1657 1054 1691; x_wconf 83' lang='lat' dir='ltr'>illa.</span> 
     </span>
    </p>
   </div>
   <div class='ocr_carea' id='block_1_17' title="bbox 971 1735 1750 2723">
    <p class='ocr_par' dir='ltr' id='par_1_17' title="bbox 971 1735 1750 2723">
     <span class='ocr_line' id='line_1_59' title="bbox 1019 1735 1712 1777; baseline -0.003 -7"><span class='ocrx_word' id='word_1_311' title='bbox 1019 1737 1072 1770; x_wconf 80' lang='lat'>19.</span> <span class='ocrx_word' id='word_1_312' title='bbox 1101 1737 1255 1770; x_wconf 68' lang='lat' dir='ltr'>Thesea.</span> <span class='ocrx_word' id='word_1_313' title='bbox 1302 1736 1512 1777; x_wconf 81' lang='lat' dir='ltr'>Sequuntur</span> <span class='ocrx_word' id='word_1_314' title='bbox 1534 1735 1712 1770; x_wconf 78' lang='lat' dir='ltr'>illustris-</span> 
     </span>
     <span class='ocr_line' id='line_1_60' title="bbox 975 1791 1712 1833; baseline -0.001 -9"><span class='ocrx_word' id='word_1_315' title='bbox 975 1791 1067 1824; x_wconf 84' lang='lat' dir='ltr'>sima</span> <span class='ocrx_word' id='word_1_316' title='bbox 1101 1791 1327 1833; x_wconf 83' lang='lat' dir='ltr'>antiquitatis</span> <span class='ocrx_word' id='word_1_317' title='bbox 1371 1798 1485 1824; x_wconf 84' lang='lat' dir='ltr'>verae</span> <span class='ocrx_word' id='word_1_318' title='bbox 1529 1791 1712 1827; x_wconf 82' lang='lat' dir='ltr'>amicitiae</span> 
     </span>
     <span class='ocr_line' id='line_1_61' title="bbox 974 1845 1711 1890; baseline -0.001 -10"><span class='ocrx_word' id='word_1_319' title='bbox 974 1845 1164 1890; x_wconf 82' lang='lat' dir='ltr'>exempla&#39;,</span> <span class='ocrx_word' id='word_1_320' title='bbox 1194 1855 1287 1889; x_wconf 83' lang='lat' dir='ltr'>quae</span> <span class='ocrx_word' id='word_1_321' title='bbox 1317 1846 1523 1888; x_wconf 71' lang='lat' dir='ltr'>saepius-in</span> <span class='ocrx_word' id='word_1_322' title='bbox 1546 1847 1600 1880; x_wconf 79' lang='lat' dir='ltr'>his</span> <span class='ocrx_word' id='word_1_323' title='bbox 1623 1854 1711 1881; x_wconf 75' lang='lat' dir='ltr'>car-</span> 
     </span>
     <span class='ocr_line' id='line_1_62' title="bbox 973 1896 1712 1945; baseline 0.001 -9"><span class='ocrx_word' id='word_1_324' title='bbox 973 1903 1126 1936; x_wconf 86' lang='lat' dir='ltr'>minibus</span> <span class='ocrx_word' id='word_1_325' title='bbox 1155 1905 1361 1944; x_wconf 74' lang='lat' dir='ltr'>tanguntur.</span> <span class='ocrx_word' id='word_1_326' title='bbox 1429 1896 1605 1945; x_wconf 69' lang='lat' dir='ltr'>Theseus,</span> <span class='ocrx_word' id='word_1_327' title='bbox 1644 1910 1712 1937; x_wconf 72' lang='lat' dir='ltr'>&#39;ee—</span> 
     </span>
     <span class='ocr_line' id='line_1_63' title="bbox 972 1957 1714 1992; baseline 0 -2"><span class='ocrx_word' id='word_1_328' title='bbox 972 1957 1236 1991; x_wconf 85' lang='lat' dir='ltr'>lebratissimus</span> <span class='ocrx_word' id='word_1_329' title='bbox 1260 1960 1369 1992; x_wconf 83' lang='lat' dir='ltr'>heros</span> <span class='ocrx_word' id='word_1_330' title='bbox 1392 1961 1432 1991; x_wconf 89' lang='lat' dir='ltr'>et</span> <span class='ocrx_word' id='word_1_331' title='bbox 1453 1967 1523 1991; x_wconf 85' lang='lat' dir='ltr'>rex</span> <span class='ocrx_word' id='word_1_332' title='bbox 1544 1959 1714 1991; x_wconf 72' lang='lat' dir='ltr'>Athena-</span> 
     </span>
     <span class='ocr_line' id='line_1_64' title="bbox 972 2011 1711 2058; baseline -0.005 -9"><span class='ocrx_word' id='word_1_333' title='bbox 972 2025 1076 2058; x_wconf 89' lang='lat' dir='ltr'>rum,</span> <span class='ocrx_word' id='word_1_334' title='bbox 1108 2015 1204 2048; x_wconf 86' lang='lat' dir='ltr'>filius</span> <span class='ocrx_word' id='word_1_335' title='bbox 1239 2013 1356 2054; x_wconf 81' lang='lat' dir='ltr'>Aegei</span> <span class='ocrx_word' id='word_1_336' title='bbox 1386 2014 1487 2051; x_wconf 76' lang='lat' dir='ltr'>(nine</span> <span class='ocrx_word' id='word_1_337' title='bbox 1517 2011 1568 2053; x_wconf 83' lang='lat' dir='ltr'><strong><em>V,</em></strong></span> <span class='ocrx_word' id='word_1_338' title='bbox 1595 2011 1632 2053; x_wconf 74' lang='lat'><strong><em>4,</em></strong></span> <span class='ocrx_word' id='word_1_339' title='bbox 1655 2013 1711 2046; x_wconf 79' lang='lat'>86.</span> 
     </span>
     <span class='ocr_line' id='line_1_65' title="bbox 973 2067 1712 2112; baseline -0.004 -9"><span class='ocrx_word' id='word_1_340' title='bbox 973 2070 1174 2112; x_wconf 70' lang='lat' dir='ltr'>Aeyides),</span> <span class='ocrx_word' id='word_1_341' title='bbox 1211 2068 1439 2101; x_wconf 81' lang='lat' dir='ltr'>fidelissimus</span> <span class='ocrx_word' id='word_1_342' title='bbox 1472 2067 1543 2101; x_wconf 83' lang='lat' dir='ltr'>fuit</span> <span class='ocrx_word' id='word_1_343' title='bbox 1574 2068 1712 2101; x_wconf 73' lang='lat' dir='ltr'>amicus</span> 
     </span>
     <span class='ocr_line' id='line_1_66' title="bbox 972 2122 1712 2167; baseline -0.007 -8"><span class='ocrx_word' id='word_1_344' title='bbox 972 2126 1148 2167; x_wconf 85' lang='lat' dir='ltr'>Pirithoi,</span> <span class='ocrx_word' id='word_1_345' title='bbox 1193 2124 1330 2157; x_wconf 83' lang='lat' dir='ltr'>Ixionis</span> <span class='ocrx_word' id='word_1_346' title='bbox 1373 2123 1465 2166; x_wconf 83' lang='lat' dir='ltr'>filii,</span> <span class='ocrx_word' id='word_1_347' title='bbox 1509 2122 1712 2164; x_wconf 60' lang='lat' dir='ltr'>Larissam,</span> 
     </span>
     <span class='ocr_line' id='line_1_67' title="bbox 975 2178 1711 2225; baseline -0.004 -11"><span class='ocrx_word' id='word_1_348' title='bbox 975 2190 1079 2223; x_wconf 87' lang='lat' dir='ltr'>quem</span> <span class='ocrx_word' id='word_1_349' title='bbox 1117 2181 1154 2217; x_wconf 82' lang='lat' dir='ltr'>in</span> <span class='ocrx_word' id='word_1_350' title='bbox 1187 2180 1301 2221; x_wconf 88' lang='lat' dir='ltr'>ipsum</span> <span class='ocrx_word' id='word_1_351' title='bbox 1332 2182 1534 2225; x_wconf 60' lang='lat' dir='ltr'>tartarum,</span> <span class='ocrx_word' id='word_1_352' title='bbox 1568 2186 1649 2213; x_wconf 80' lang='lat' dir='ltr'>cum</span> <span class='ocrx_word' id='word_1_353' title='bbox 1679 2178 1711 2211; x_wconf 74' lang='lat' dir='ltr'>Is</span> 
     </span>
     <span class='ocr_line' id='line_1_68' title="bbox 975 2235 1712 2278; baseline -0.004 -9"><span class='ocrx_word' id='word_1_354' title='bbox 975 2235 1442 2278; x_wconf 71' lang='lat' dir='ltr'>Proserpinam,.1¹lutonis·</span> <span class='ocrx_word' id='word_1_355' title='bbox 1455 2241 1624 2276; x_wconf 70' lang='lat' dir='ltr'>uxorem,</span> <span class='ocrx_word' id='word_1_356' title='bbox 1646 2241 1712 2266; x_wconf 72' lang='lat' dir='ltr'>ra-</span> 
     </span>
     <span class='ocr_line' id='line_1_69' title="bbox 973 2289 1711 2334; baseline -0.003 -10"><span class='ocrx_word' id='word_1_357' title='bbox 973 2300 1068 2333; x_wconf 86' lang='lat' dir='ltr'>pere</span> <span class='ocrx_word' id='word_1_358' title='bbox 1090 2292 1220 2334; x_wconf 86' lang='lat' dir='ltr'>vellet,</span> <span class='ocrx_word' id='word_1_359' title='bbox 1243 2293 1392 2325; x_wconf 87' lang='lat' dir='ltr'>secutus</span> <span class='ocrx_word' id='word_1_360' title='bbox 1422 2290 1479 2322; x_wconf 86' lang='lat' dir='ltr'>est</span> <span class='ocrx_word' id='word_1_361' title='bbox 1502 2290 1624 2327; x_wconf 79' lang='lat' dir='ltr'>(nom.</span> <span class='ocrx_word' id='word_1_362' title='bbox 1646 2289 1711 2324; x_wconf 87' lang='lat' dir='ltr'>Od.</span> 
     </span>
     <span class='ocr_line' id='line_1_70' title="bbox 971 2345 1711 2391; baseline -0.004 -10"><span class='ocrx_word' id='word_1_363' title='bbox 971 2349 1037 2391; x_wconf 78' lang='lat' dir='ltr'><strong><em>XI,</em></strong></span> <span class='ocrx_word' id='word_1_364' title='bbox 1060 2350 1136 2381; x_wconf 86' lang='lat'>650.</span> <span class='ocrx_word' id='word_1_365' title='bbox 1155 2347 1273 2388; x_wconf 82' lang='lat' dir='ltr'>ibique</span> <span class='ocrx_word' id='word_1_366' title='bbox 1283 2347 1417 2387; x_wconf 65' lang='lat' dir='ltr'>Heyn„</span> <span class='ocrx_word' id='word_1_367' title='bbox 1430 2345 1603 2385; x_wconf 75' lang='lat' dir='ltr'>Apollod.</span> <span class='ocrx_word' id='word_1_368' title='bbox 1614 2346 1663 2379; x_wconf 79' lang='lat'>11.</span> <span class='ocrx_word' id='word_1_369' title='bbox 1681 2354 1711 2378; x_wconf 85' lang='lat' dir='ltr'>c.</span> 
     </span>
     <span class='ocr_line' id='line_1_71' title="bbox 972 2401 1710 2445; baseline -0.004 -9"><span class='ocrx_word' id='word_1_370' title='bbox 972 2406 1018 2445; x_wconf 80' lang='grc'>5.,</span> <span class='ocrx_word' id='word_1_371' title='bbox 1043 2406 1140 2445; x_wconf 81' lang='lat' dir='ltr'>Hyg.</span> <span class='ocrx_word' id='word_1_372' title='bbox 1165 2404 1206 2436; x_wconf 74' lang='lat' dir='ltr'>F.</span> <span class='ocrx_word' id='word_1_373' title='bbox 1235 2403 1307 2444; x_wconf 67' lang='lat'>79„</span> <span class='ocrx_word' id='word_1_374' title='bbox 1335 2401 1430 2434; x_wconf 81' lang='lat' dir='ltr'>Plut.</span> <span class='ocrx_word' id='word_1_375' title='bbox 1453 2401 1558 2434; x_wconf 77' lang='lat' dir='ltr'>Thes.</span> <span class='ocrx_word' id='word_1_376' title='bbox 1583 2409 1616 2434; x_wconf 86' lang='lat' dir='ltr'>c.</span> <span class='ocrx_word' id='word_1_377' title='bbox 1639 2403 1710 2443; x_wconf 54' lang='grc' dir='ltr'>δᾶ,</span> 
     </span>
     <span class='ocr_line' id='line_1_72' title="bbox 976 2456 1747 2501; baseline -0.006 -9"><span class='ocrx_word' id='word_1_378' title='bbox 976 2459 1046 2492; x_wconf 87' lang='lat' dir='ltr'>Ov.</span> <span class='ocrx_word' id='word_1_379' title='bbox 1070 2461 1160 2492; x_wconf 86' lang='lat' dir='ltr'>Met.</span> <span class='ocrx_word' id='word_1_380' title='bbox 1183 2459 1269 2500; x_wconf 88' lang='lat' dir='ltr'>Vn,</span> <span class='ocrx_word' id='word_1_381' title='bbox 1292 2456 1404 2498; x_wconf 58' lang='lat'><strong><em>4343,</em></strong></span> <span class='ocrx_word' id='word_1_382' title='bbox 1428 2456 1546 2496; x_wconf 85' lang='lat' dir='ltr'>ibique</span> <span class='ocrx_word' id='word_1_383' title='bbox 1563 2457 1610 2488; x_wconf 86' lang='lat' dir='ltr'>ob</span> <span class='ocrx_word' id='word_1_384' title='bbox 1633 2463 1712 2488; x_wconf 71' lang='lat' dir='ltr'>eam</span> <span class='ocrx_word' id='word_1_385' title='bbox 1744 2494 1747 2501; x_wconf 38' lang='grc' dir='ltr'>Ι</span> 
     </span>
     <span class='ocr_line' id='line_1_73' title="bbox 974 2509 1711 2555; baseline -0.005 -9"><span class='ocrx_word' id='word_1_386' title='bbox 974 2515 1080 2546; x_wconf 85' lang='lat' dir='ltr'>fidem</span> <span class='ocrx_word' id='word_1_387' title='bbox 1102 2521 1241 2555; x_wconf 83' lang='lat' dir='ltr'>poenas</span> <span class='ocrx_word' id='word_1_388' title='bbox 1268 2512 1377 2544; x_wconf 89' lang='lat' dir='ltr'>dedit.</span> <span class='ocrx_word' id='word_1_389' title='bbox 1432 2510 1516 2544; x_wconf 83' lang='lat' dir='ltr'>Vid.</span> <span class='ocrx_word' id='word_1_390' title='bbox 1539 2511 1572 2551; x_wconf 89' lang='lat'><strong><em>1,</em></strong></span> <span class='ocrx_word' id='word_1_391' title='bbox 1597 2510 1632 2551; x_wconf 71' lang='lat'><strong><em>9,</em></strong></span> <span class='ocrx_word' id='word_1_392' title='bbox 1650 2509 1711 2547; x_wconf 59' lang='lat'>31.</span> 
     </span>
     <span class='ocr_line' id='line_1_74' title="bbox 976 2565 1750 2608; baseline -0.006 -7"><span class='ocrx_word' id='word_1_393' title='bbox 976 2570 1076 2601; x_wconf 85' lang='lat' dir='ltr'>Haec</span> <span class='ocrx_word' id='word_1_394' title='bbox 1100 2568 1257 2600; x_wconf 82' lang='lat' dir='ltr'>amicitia</span> <span class='ocrx_word' id='word_1_395' title='bbox 1286 2568 1324 2599; x_wconf 91' lang='lat' dir='ltr'>in</span> <span class='ocrx_word' id='word_1_396' title='bbox 1353 2565 1587 2608; x_wconf 86' lang='lat' dir='ltr'>proverbium</span> <span class='ocrx_word' id='word_1_397' title='bbox 1611 2565 1712 2597; x_wconf 77' lang='lat' dir='ltr'>abiit.</span> <span class='ocrx_word' id='word_1_398' title='bbox 1748 2568 1750 2570; x_wconf 79' lang='grc'>’</span> 
     </span>
     <span class='ocr_line' id='line_1_75' title="bbox 975 2621 1712 2666; baseline -0.005 -10"><span class='ocrx_word' id='word_1_399' title='bbox 975 2624 1058 2657; x_wconf 89' lang='lat' dir='ltr'>Vid.</span> <span class='ocrx_word' id='word_1_400' title='bbox 1082 2625 1114 2666; x_wconf 94' lang='lat'><strong><em>1,</em></strong></span> <span class='ocrx_word' id='word_1_401' title='bbox 1140 2624 1175 2665; x_wconf 86' lang='lat'><strong><em>3,</em></strong></span> <span class='ocrx_word' id='word_1_402' title='bbox 1200 2623 1270 2664; x_wconf 89' lang='lat'>66.,</span> <span class='ocrx_word' id='word_1_403' title='bbox 1294 2622 1353 2664; x_wconf 91' lang='lat' dir='ltr'>V,</span> <span class='ocrx_word' id='word_1_404' title='bbox 1382 2621 1419 2663; x_wconf 77' lang='lat'><strong><em>4,</em></strong></span> <span class='ocrx_word' id='word_1_405' title='bbox 1442 2621 1512 2662; x_wconf 64' lang='lat'>26„</span> <span class='ocrx_word' id='word_1_406' title='bbox 1535 2621 1639 2653; x_wconf 86' lang='lat' dir='ltr'>Pont.</span> <span class='ocrx_word' id='word_1_407' title='bbox 1662 2622 1712 2662; x_wconf 92' lang='lat'><strong><em>11,</em></strong></span> 
     </span>
     <span class='ocr_line' id='line_1_76' title="bbox 976 2675 1711 2723; baseline -0.008 -11"><span class='ocrx_word' id='word_1_408' title='bbox 976 2681 1011 2721; x_wconf 88' lang='grc'><strong>3,</strong></span> <span class='ocrx_word' id='word_1_409' title='bbox 1035 2679 1113 2720; x_wconf 82' lang='grc'><strong>43.,</strong></span> <span class='ocrx_word' id='word_1_410' title='bbox 1143 2679 1216 2719; x_wconf 89' lang='lat'><strong><em>111,</em></strong></span> <span class='ocrx_word' id='word_1_411' title='bbox 1239 2678 1276 2719; x_wconf 72' lang='lat'><strong><em>2,</em></strong></span> <span class='ocrx_word' id='word_1_412' title='bbox 1307 2678 1370 2723; x_wconf 42' lang='lat'>382</span> <span class='ocrx_word' id='word_1_413' title='bbox 1410 2675 1608 2718; x_wconf 78' lang='lat' dir='ltr'>Infernas,</span> <span class='ocrx_word' id='word_1_414' title='bbox 1631 2675 1654 2707; x_wconf 91' lang='lat' dir='ltr'>i.</span> <span class='ocrx_word' id='word_1_415' title='bbox 1679 2684 1711 2716; x_wconf 88' lang='lat' dir='ltr'>q.</span> 
     </span>
    </p>
   </div>
   <div class='ocr_carea' id='block_1_18' title="bbox 976 2723 1775 2773">
    <p class='ocr_par' dir='ltr' id='par_1_18' title="bbox 976 2723 1775 2773">
     <span class='ocr_line' id='line_1_77' title="bbox 976 2723 1775 2773; baseline -0.006 -8"><span class='ocrx_word' id='word_1_416' title='bbox 976 2731 1139 2773; x_wconf 70' lang='lat' dir='ltr'>styyias.</span> <span class='ocrx_word' id='word_1_417' title='bbox 1185 2732 1267 2765; x_wconf 71' lang='lat' dir='ltr'>vm.</span> <span class='ocrx_word' id='word_1_418' title='bbox 1293 2733 1339 2763; x_wconf 75' lang='lat' dir='ltr'>ad</span> <span class='ocrx_word' id='word_1_419' title='bbox 1351 2723 1401 2773; x_wconf 82' lang='lat' dir='ltr'>v,</span> <span class='ocrx_word' id='word_1_420' title='bbox 1423 2731 1460 2773; x_wconf 79' lang='lat'><strong><em>2,</em></strong></span> <span class='ocrx_word' id='word_1_421' title='bbox 1484 2730 1537 2762; x_wconf 78' lang='lat'>74.</span> <span class='ocrx_word' id='word_1_422' title='bbox 1586 2729 1712 2772; x_wconf 52' lang='lat' dir='ltr'>Vivus,</span> <span class='ocrx_word' id='word_1_423' title='bbox 1748 2734 1775 2753; x_wconf 87' lang='lat'>-·</span> 
     </span>
    </p>
   </div>
   <div class='ocr_carea' id='block_1_19' title="bbox 977 2787 1712 2878">
    <p class='ocr_par' dir='ltr' id='par_1_19' title="bbox 977 2787 1712 2878">
     <span class='ocr_line' id='line_1_78' title="bbox 977 2787 1712 2832; baseline -0.007 -11"><span class='ocrx_word' id='word_1_424' title='bbox 977 2798 1047 2832; x_wconf 91' lang='lat' dir='ltr'>quo</span> <span class='ocrx_word' id='word_1_425' title='bbox 1071 2788 1135 2820; x_wconf 86' lang='lat' dir='ltr'>alii</span> <span class='ocrx_word' id='word_1_426' title='bbox 1163 2790 1248 2830; x_wconf 87' lang='lat' dir='ltr'>post</span> <span class='ocrx_word' id='word_1_427' title='bbox 1277 2788 1430 2820; x_wconf 89' lang='lat' dir='ltr'>mortem</span> <span class='ocrx_word' id='word_1_428' title='bbox 1461 2787 1600 2818; x_wconf 87' lang='lat' dir='ltr'>demum</span> <span class='ocrx_word' id='word_1_429' title='bbox 1623 2792 1712 2826; x_wconf 85' lang='lat' dir='ltr'>per-</span> 
     </span>
     <span class='ocr_line' id='line_1_79' title="bbox 977 2844 1137 2878; baseline -0.019 0"><span class='ocrx_word' id='word_1_430' title='bbox 977 2844 1137 2878; x_wconf 82' lang='lat' dir='ltr'>veniunt.</span> 
     </span>
    </p>
   </div>
  </div>
 </body>
</html>
