1846 3146
12 3075 46 3146 ψ’

564 134 693 194 LIB.
728 141 819 192 lv.
871 139 1075 190 ELEG.
1110 139 1203 189 111.

1554 135 1653 185 373

131 269 254 322 cnm
288 266 470 319 cecidit
503 264 764 332 Capaneus
794 262 956 312 subito
991 261 1275 326 temerarius
1307 261 1435 318 ictu,

193 353 310 402 Non
344 352 474 416 legis
506 347 749 398 Evadnen
784 346 1039 395 erubuisse
1071 346 1212 392 viro:

124 435 256 495 Nec,
293 436 405 499 quia
437 448 529 482 rex
561 431 723 480 mundi
757 429 1055 494 compescuit
1089 425 1283 490 ignibus
1319 427 1475 489 ignes,
1588 423 1652 472 65

193 518 308 583 Ipse
342 518 443 564 suis
477 514 732 564 Phaethon
766 511 1052 562 inficiandus
1088 515 1221 557 erat:

127 599 242 649 Nec
275 597 473 648 Semele
507 587 694 647 Cedmo
726 595 860 644 facta
894 599 970 643 est
1004 593 1166 640 aliena
1197 592 1402 656 parenti,

194 680 339 741 Quod
370 679 597 746 precibus
628 681 776 744 periit
809 678 1064 726 ambitiosa
1097 675 1224 721 suis:

126 764 241 814 Nec
273 763 376 823 tibi,
409 761 540 827 quod
574 763 741 810 saevis
776 776 871 825 ego
907 775 1012 807 sum
1045 757 1184 805 Iovis
1219 750 1606 820 ignibuswictusf

191 846 471 913 Purpureus
504 844 641 893 molli
673 844 756 892 fiat
789 845 839 892 in
874 856 961 891 ore
1000 826 1171 888 rubor:
1585 833 1652 883 70

168 1032 223 1065 63.
256 1028 464 1071 Capaneus.
508 1026 589 1060 Vid.
612 1027 659 1058 ad
679 1027 731 1070 V,
742 1027 779 1068 8,
796 1026 850 1058 29.

169 1097 232 1131 64.
256 1096 345 1129 Non
367 1094 471 1137 legis.
527 1094 693 1128 Heinsius
718 1100 765 1124 ex
794 1093 850 1124 ed.

122 1161 202 1195 pr.,
222 1153 353 1194 Rott„
381 1151 466 1183 Vat.
497 1151 549 1192 1.‚
578 1151 684 1182 Serv.
717 1150 754 1179 et
777 1148 850 1179 alio

123 1208 258 1249 primus
280 1207 377 1239 dedit
398 1215 487 1238 num
504 1205 607 1246 leyis.
651 1205 722 1237 Sed
741 1204 851 1236 resti-

124 1265 295 1296 tuendum
323 1265 379 1295 est
408 1270 482 1294 non
517 1265 554 1293 et
582 1262 650 1292 hoc
679 1261 785 1301 loco,
815 1261 852 1295 et

123 1318 244 1350 multis
266 1317 363 1359 aliis,
385 1318 445 1350 ubi
458 1317 596 1349 Heinsii
609 1315 761 1347 audacia
773 1315 852 1346 siue

124 1372 220 1405 omni
249 1380 380 1404 caussa
407 1372 569 1404 mutavit.
619 1370 701 1403 Vid.
724 1370 770 1401 ad
800 1370 851 1410 11,

125 1428 200 1460 106.
245 1426 332 1458 Non
355 1427 425 1458 hoc
446 1427 532 1459 loco
556 1427 720 1458 firmatur
744 1424 851 1455 etiam

122 1490 159 1514 v.
182 1482 236 1514 65.
259 1484 297 1513 et
319 1481 391 1522 623
424 1483 461 1512 et
483 1488 563 1513 meo
587 1480 725 1521 quidem
743 1486 851 1510 sensu

124 1537 326 1578 elegantius
345 1543 485 1577 quoque
508 1536 675 1577 estsquia
697 1541 784 1566 num
807 1541 851 1564 a-

123 1592 266 1625 cerbius
297 1594 435 1623 monet:
453 1576 671 1632 'quanquam
706 1591 750 1621 de
782 1589 851 1621 boc

122 1654 258 1687 genere
280 1635 439 1679 sortisse
463 1647 548 1687 erit,
573 1647 631 1687 qui
652 1646 786 1677 sentiat
808 1653 852 1676 a-

123 1701 221 1734 liter.
265 1701 389 1735 Codex
400 1703 505 1734 Bern.
526 1703 613 1735 loco
637 1701 740 1733 huius
762 1707 851 1732 ver-

123 1756 333 1788 sus'babet:

191 1799 303 1834 Kafisit
328 1807 388 1835 lida
413 1815 468 1836 suo
492 1806 589 1836 tristis
617 1804 756 1833 evantiea
773 1804 849 1831 viro.

124 1864 204 1897 Bel.
225 1867 414 1905 utrumque
438 1873 582 1896 versum
597 1865 753 1896 habetet
766 1863 851 1895 vul-
879 1904 891 1911 ·

67 1938 69 1942 Δ
123 1922 234 1962 gatae
262 1922 299 1952 et
330 1920 466 1952 codicis
496 1920 623 1960 Bern.;
651 1919 719 1951 nisi
755 1919 851 1959 quod

128 1973 286 2006 Etanna
306 1982 339 2015 q.
352 1982 382 2006 e.
395 1974 562 2007 Evaane.
600 1975 648 2007 V.
667 1975 721 2005 65.
743 1974 850 2005 Bern.

124 2032 162 2062 et
182 2029 279 2062 Busl.
299 2037 375 2061 non
398 2028 498 2071 quia.

166 2107 221 2138 66.
254 2106 346 2147 Ipse
372 2105 611 2138 suis—erat.
660 2106 718 2137 lta
746 2105 865 2139 codd„

124 2163 164 2193 et
183 2163 272 2194 vett.
295 2162 400 2203 edd.,
428 2161 498 2193 nisi
530 2161 626 2201 quod
655 2169 745 2192 unus
773 2161 851 2192 Iun.

125 2214 367 2258 tuis—eras,
400 2217 494 2248 unde
516 2216 552 2247 in
575 2218 713 2247 textum
736 2224 760 2247 a
787 2224 851 2248 re-

126 2271 347 2303 centioribus
361 2272 760 2311 editoribus-receptum
775 2273 851 2312 est3

123 2326 202 2357 sine
236 2327 367 2358 idonea
404 2333 543 2358 caussa.
610 2326 718 2358 Multi
748 2327 850 2358 codd.

124 2379 314 2420 Metaon
333 2381 498 2412 nimirum
521 2381 604 2422 quia
621 2381 656 2412 iu
680 2382 784 2413 codd.
807 2389 852 2413 ae

123 2442 300 2476 persaepe
321 2434 475 2475 simplici
492 2442 512 2466 e
528 2438 688 2467 notatur.
730 2436 851 2468 Guelf.

123 2480 232 2523 etiam
254 2479 354 2522 ἔναιε.

165 2544 371 2584 ΡΙιαέιΙιοη,
381 2545 516 2576 Phoebi
528 2553 549 2576 e
563 2545 753 2587 Clymene,
768 2547 852 2579 Me-

123 2601 222 2641 ropis
245 2607 375 2640 uxore,
398 2599 507 2640 filius,
540 2601 598 2632 cui
628 2609 707 2632 cum
730 2602 775 2632 ab
798 2603 851 2634 E-

123 2655 242 2695 papho
265 2655 443 2687 obiectum
473 2658 584 2696 esset,
621 2663 701 2687 esse
725 2658 852 2689 Mero-

100 2740 102 2742 ,
123 2709 179 2749 pis
200 2710 287 2751 (111,
310 2709 346 2751 4,
369 2709 456 2751 300,
477 2718 550 2742 nou
572 2711 707 2744 Phoebi
729 2712 853 2754 filium,

126 2769 149 2794 a
169 2763 314 2796 Phoebo
337 2764 371 2795 in
397 2764 541 2806 pignus,
565 2768 660 2806 quod
678 2774 769 2798 vere
792 2774 853 2799 ω·

126 2818 183 2850 eet
200 2818 260 2850 vab
283 2818 360 2860 ipso
386 2823 600 2862 prognatus,
631 2820 853 2864 impetravit,

919 1027 958 1057 ut
989 1024 1025 1056 in
1054 1030 1161 1055 unum
1190 1019 1283 1052 diem
1308 1017 1386 1050 eius
1411 1027 1558 1051 currum
1581 1019 1650 1055 (sc.

916 1078 1099 1114 solarem)
1130 1077 1292 1108 duceret..
1357 1074 1430 1106 Sed
1460 1071 1651 1114 aurigandi

917 1133 1118 1173 imperitus,
1148 1138 1252 1172 quum
1283 1129 1384 1170 equis
1416 1135 1439 1159 a
1464 1131 1567 1160 recte
1590 1125 1652 1158 vin.

918 1186 1157 1228 evagantibus
1187 1185 1329 1218 coelum
1361 1191 1405 1215 ac
1433 1186 1567 1215 terram
1592 1181 1650 1212 in·-

919 1235 1054 1275 cendiis
1078 1241 1284 1282 implesset,
1318 1248 1340 1271 a
1372 1241 1461 1272 love
1491 1235 1651 1269 fulminis

919 1298 996 1330 ictu
1026 1298 1070 1328 de
1101 1305 1211 1328 curru
1241 1303 1414 1328 excussus
1451 1292 1486 1324 in
1517 1290 1651 1323 Erida-

918 1362 1001 1384 num
1026 1352 1171 1383 fluvium
1195 1351 1337 1383 cecidit.
1371 1348 1479 1382 Cuius
1498 1348 1651 1378 mortem

919 1407 1102 1448 Heliades,
1130 1413 1280 1438 sorores
1303 1406 1395 1444 eius,
1422 1403 1590 1443 lugentes
1615 1400 1651 1432 in

917 1462 1074 1503 populos
1105 1467 1307 1493 conversae
1328 1462 1423 1491 sunt.
1470 1460 1557 1490 Met.
1590 1457 1651 1497 11„

918 1519 1013 1558 Ryg.
1035 1518 1076 1549 F.
1109 1517 1183 1549 152.
1214 1516 1304 1557 154.,
1333 1515 1438 1555 Virg-
1466 1514 1544 1546 Ecl.
1579 1513 1651 1554 V1,

918 1574 971 1605 62.
993 1573 1112 1613 ibique
1135 1572 1288 1611 interpp.
1310 1573 1347 1602 et
1363 1572 1454 1602 Aen.
1480 1568 1549 1609 VI,
1573 1567 1650 1598 659.

918 1628 1036 1668 ibique
1059 1628 1165 1659 Serv.
1580 1655 1592 1661 ,

962 1680 1067 1721 Suis,
1090 1683 1197 1714 matri
1213 1682 1412 1722 Clymenae
1429 1681 1465 1712 et
1478 1679 1558 1711 Soli
1569 1678 1650 1711 sive

917 1737 1062 1769 Phoebo
1086 1737 1191 1778 patri.
1235 1738 1325 1768 Met.
1348 1736 1399 1776 11,
1426 1734 1480 1767 34.
1634 1732 1638 1734 ’

982 1809 1165 1844 Progenies,
1190 1791 1364 1854 Pbaetbon,
1386 1808 1468 1836 baud
1488 1807 1651 1837 inficianda

1265 1857 1268 1861 “
1310 1853 1440 1888 parenti.

962 1912 1015 1949 61.
1048 1911 1192 1943 Semele
1215 1910 1367 1944 Cadmo.
1413 1911 1497 1944 Vid.
1528 1912 1574 1943 ad
1598 1913 1650 1953 Π,

916 1967 992 2000 401.
1036 1966 1083 2000 V.
1107 1968 1161 1999 28.
1185 1968 1229 1999 de
1252 1968 1397 2008 syllaba
1418 1965 1451 1998 it
1467 1967 1651 2008 producta

915 2023 1000 2056 vide
1023 2023 1069 2054 ad
1092 2023 1161 2063 111,
1188 2022 1245 2064 15,
1268 2024 1322 2054 36.

961 2089 1014 2120 69.
1048 2087 1154 2120 Iovis
1175 2087 1320 2129 {quibus
1342 2088 1459 2120 ictum
1482 2097 1522 2120 se
1545 2086 1651 2129 aicit,

915 2146 956 2175 ut
979 2145 1012 2185 1,
1026 2143 1060 2185 1,
1074 2145 1128 2176 72.
1141 2146 1178 2175 et
1201 2145 1233 2184 1,
1245 2144 1281 2184 4,
1305 2145 1373 2185 26„
1393 2152 1493 2176 suam
1512 2146 1652 2175 sortem

916 2199 1049 2231 fabulis
1073 2199 1145 2230 illis
1176 2203 1316 2239 aptans.
1361 2201 1561 2239 Augustum
1586 2200 1651 2230 lo-

916 2262 999 2286 vem
1022 2254 1186 2294 appellat
1208 2254 1316 2285 etiam
1328 2255 1379 2295 V,
1404 2254 1440 2294 2,
1464 2254 1534 2295 46„
1557 2255 1591 2295 1,
1613 2256 1651 2294 5,

916 2310 970 2341 78.
994 2312 1031 2341 et
1052 2317 1175 2349 saepe.
1199 2327 1242 2332 —
1264 2310 1371 2341 Rern.
1395 2312 1432 2341 et
1454 2310 1545 2340 vett.
1568 2310 1650 2348 edd.

917 2363 1154 2406 quod—sim,
1178 2365 1218 2396 ut
1240 2373 1276 2395 v.
1297 2364 1650 2398 61.—Draed.sae-

917 2418 975 2451 vis
993 2418 1094 2460 perii
1116 2418 1236 2450 Iovis.
1281 2420 1376 2451 Busl.
1401 2419 1518 2451 ustus.

962 2496 1017 2527 7⁰.
1041 2495 1184 2527 Rubor.
1222 2495 1404 2541 ¹Nonnulli
1421 2496 1558 2538 Heius„
1570 2495 1649 2528 Gu-

918 2549 997 2590 elf„
1022 2550 1129 2582 Crev.
1154 2552 1191 2582 et
1213 2553 1302 2582 vett.
1326 2552 1406 2582 edd.
1415 2552 1555 2591 pudor.
1584 2553 1650 2585 Li—

919 2603 995 2634 bris
1019 2605 1208 2636 diiudicari
1238 2607 1359 2647 debet,
1393 2615 1475 2638 nam
1496 2615 1650 2646 purpu-

919 2665 1010 2688 reus
1030 2659 1158 2698 pudor
1180 2669 1247 2700 pro
1271 2661 1412 2694 rubore
1428 2666 1533 2695 recte
1557 2663 1649 2695 dici-

919 2715 1001 2754 tur,
1031 2713 1085 2746 uti
1115 2716 1268 2756 pallens
1296 2719 1435 2758 metus,
1480 2719 1518 2749 et
1548 2717 1649 2748 simi-

918 2768 979 2799 lia.
1020 2770 1069 2802 At
1087 2773 1191 2804 recte
1208 2772 1314 2804 etiam
1336 2773 1555 2813 purpureus
1576 2780 1649 2803 ru-

920 2823 999 2856 bor.
