1846 3146
196 187 294 239 528

436 181 494 230 P.
530 179 752 230 OVIDII
786 175 1101 230 NASONIS
1137 172 1478 225 TRISTIIJM

199 309 364 360 Morte
391 302 520 353 nihil
553 319 675 369 opus
709 293 787 351 est
819 317 909 368 pro
943 315 1033 361 me,
1070 298 1162 348 sed
1195 310 1357 346 amore
1391 294 1606 359 fideque:

175 388 183 391 ²
266 392 486 457 Nouaex
522 385 716 434 difficili
749 385 878 433 fama
909 382 1121 450 petenda
1156 382 1261 449 tibi·
1279 384 1369 428 est.

202 470 317 520 Nec
350 475 401 520 te
437 468 725 528 credideris,
764 469 1006 532 quianon
1041 466 1190 526 facis,
1226 466 1320 516 ista
1354 461 1565 524 moneri3

269 552 403 602 Vela
439 551 622 613 damus,
660 552 880 616 quamvis
913 551 1096 613 remige
1132 546 1308 614 puppis
1341 550 1435 595 eat.

207 703 435 737 Protesilaus
458 711 525 735 rex
547 702 625 735 fuit.
678 702 798 735 Strab.
822 703 882 733 IX.
906 710 940 742 p.

208 760 285 793 298.
341 760 432 793 Nam
468 758 606 800 gentile
640 759 696 789 est
731 754 941 798 φυλακεῒος,

208 813 333 847 Ionice
355 809 569 855 φολακήιος,
583 813 678 844 unde
700 811 821 843 femin.
840 810 944 850 Phy-

209 867 345 901 laceia.
390 868 472 901 Vid.
496 869 572 900 not.
595 868 641 899 ad
664 868 750 899 Her.
773 867 874 908 XIII,
891 866 944 898 35.

210 925 278 958 Est
300 926 418 957 autem
437 923 554 964 prima
565 922 714 965 syllaba
727 921 830 954 vocis
843 920 946 960 Phy-

210 980 296 1013 lace
318 981 451 1011 natura
474 977 611 1020 brevis,
634 985 726 1019 quae
752 979 873 1009 tamen
897 976 943 1008 ob

212 1036 385 1077 liquidam
415 1034 431 1066 l
460 1033 614 1074 produci
636 1035 779 1075 potest,
805 1035 843 1064 ut
866 1039 945 1064 eam

213 1093 323 1125 etiam
346 1089 519 1133 produxit
540 1090 640 1122 Naso
654 1090 734 1121 Art.
749 1090 791 1121 A.
806 1089 873 1130 111,
892 1087 945 1120 17.

214 1149 254 1179 et
276 1147 384 1186 Prop.
407 1147 439 1188 1,
454 1145 512 1187 19,
525 1144 556 1176 7.
595 1144 766 1178 Ceterum
788 1144 947 1175 eiusmo-

215 1203 252 1235 di
288 1202 520 1243 periphrases
555 1207 579 1231 a
612 1200 706 1232 locis
734 1200 873 1232 sumtae
903 1199 948 1229 de

217 1266 320 1290 more
342 1259 427 1290 sunt
448 1255 623 1289 Nasonis:
647 1254 700 1286 sic
720 1256 799 1287 Art.
816 1255 858 1286 A.
881 1254 949 1295 III,

218 1313 273 1345 19.
298 1314 355 1344 est
385 1311 586 1352 Pagasaea
617 1309 758 1342 conium
787 1317 855 1350 pro
878 1306 950 1338 Al-

217 1366 322 1409 cesti,
341 1367 426 1399 ibid.
448 1366 698 1406 Therapnaea
713 1363 858 1396 marita
880 1371 950 1403 pro

219 1423 382 1464 Helena,
413 1421 614 1463 Caystrius
643 1421 723 1453 ales
749 1429 817 1461 pro
845 1419 952 1451 olore

220 1480 282 1513 (rr.
296 1480 346 1521 v,
360 1478 395 1521 1,
415 1477 468 1510 11.
502 1466 952 1519 Vid.adv,'1‚z1.eue1f.

219 1541 244 1566 a
267 1534 300 1567 1.
323 1541 368 1566 m.
392 1535 430 1566 et
452 1533 529 1566 Pal.
552 1534 584 1566 2.
608 1533 645 1565 et
666 1530 739 1564 viv.

267 1623 323 1657 40.
356 1619 629 1662 Celeri—pede.
685 1617 956 1658 Primo—pede

222 1687 317 1729 unus
339 1678 428 1710 Vat.
451 1679 489 1709 et
512 1676 609 1709 alter
637 1675 713 1708 Pal.
738 1682 784 1707 ex
806 1675 876 1708 fide
899 1673 957 1706 bi-

224 1734 375 1768 storica.
420 1732 504 1766 Vid.
526 1733 582 1774 11,
609 1732 686 1765 403.
711 1732 749 1764 et
771 1732 821 1773 V,
845 1733 880 1772 5,
903 1730 957 1762 57.

225 1790 300 1824 Sed
322 1796 397 1821 non
419 1787 513 1820 iusta
536 1795 667 1820 caussa
681 1790 738 1820 est
756 1794 836 1819 cum
846 1784 959 1818 Hein-

225 1845 282 1878 sio
313 1844 496 1886 mutandi,
528 1852 634 1886 quum
662 1842 815 1883 vulgata
845 1837 961 1872 celeri

226 1901 322 1934 idem
345 1901 525 1943 declaret,
540 1901 642 1933 certe
664 1897 852 1940 significet.
884 1896 962 1929 Fa-

229 1956 350 1990 bulam
372 1957 457 1989 vide
479 1957 526 1989 ad
549 1957 582 1998 1,
605 1956 641 1997 6,
663 1955 719 1987 20.

275 2046 330 2080 41.
363 2044 495 2077 Morte
515 2041 611 2074 nihil
634 2048 728 2086 opus
751 2041 817 2072 est,
862 2040 962 2072 Vett-

230 2103 311 2136 edd.
334 2103 372 2133 et
402 2100 505 2132 codd.
530 2092 596 2136 (3)
619 2098 727 2130 Voss.
752 2094 882 2137 patris:
906 2091 962 2124 m'l

232 2166 328 2200 opus
350 2156 407 2189 est
427 2154 553 2187 morte
565 2160 641 2193 pro
653 2160 722 2193 me,
741 2158 845 2192 quam
867 2147 962 2180 scri-

231 2218 378 2257 pturam
407 2209 525 2245 teneri
557 2215 665 2249 posse
691 2208 795 2248 putat
823 2203 963 2245 Micyl-

231 2272 313 2314 lus,
347 2271 388 2302 ut
416 2268 453 2300 in
474 2263 597 2298 morte
618 2261 803 2304 posterior
824 2259 965 2302 produ-

235 2329 360 2366 catur3
395 2323 461 2355 sed
493 2321 645 2363 praeter
678 2315 969 2350 coniunctionem

234 2391 307 2425 que
329 2380 425 2421 apud
438 2378 622 2410 Nasonem
643 2373 782 2406 nullum
804 2372 901 2404 illius
923 2378 968 2402 u-

235 2446 298 2470 sus
323 2433 471 2475 reperio
495 2430 709 2472 exemplum.
754 2428 838 2461 Vid.
855 2428 969 2467 Leop.

237 2491 449 2526 Schneider.
472 2488 630 2521 Gramm.
649 2486 735 2519 Lat.
759 2486 785 2517 1.
808 2484 847 2515 Ρ.
870 2484 917 2515 11.
936 2490 969 2522 p.

240 2548 317 2580 752.

273 2598 482 2643 ¹„Quinque
505 2597 679 2632 Vaticani
703 2598 740 2629 et
758 2593 973 2628 Maffeianus

242 2657 380 2690 rectius
413 2654 538 2687 morte
572 2651 667 2686 nihil
702 2658 796 2691 opus
826 2648 899 2687 est,
934 2648 974 2678 ut

243 2714 331 2745 Met.
352 2711 441 2751 VII,
464 2709 540 2743 643.

806 2784 975 2815 querorque

312 2829 347 2858 In
365 2828 484 2864 superis
502 2829 568 2863 opis
587 2834 655 2856 esse
672 2826 757 2853 nihil.
785 2824 825 2851 At
842 2823 872 2850 in
890 2820 975 2849 aedi—

641 2872 696 2900 bus
716 2871 823 2905 ingens

1073 695 1206 724 Murmur
1225 697 1300 723 erat.

1009 768 1070 800 ubi
1092 764 1185 798 nihil
1207 765 1314 797 etiam
1334 761 1577 804 posteriorem
1598 757 1736 798 produ-

1011 824 1072 857 cit.
1123 820 1233 854 Cror.
1282 820 1379 851 Idem
1410 816 1579 857 exhibent
1604 813 1681 846 Pal.
1704 812 1736 845 1.

1013 883 1050 912 et
1071 879 1120 920 2.,
1141 878 1238 917 Put.,
1260 873 1372 915 Gall„
1385 874 1497 913 Mor„
1510 871 1631 910 Serv„
1645 869 1739 909 Iun.,

1012 934 1177 975 Pirckb.,
1205 931 1358 971 Fratue,
1385 929 1540 967 Bersm.,
1566 924 1655 957 XIV
1677 921 1739 954 alii

1010 990 1148 1030 Heius„
1160 986 1317 1018 eiusdem
1328 984 1383 1015 ed.
1396 991 1468 1024 pr„
1475 982 1596 1022 Goth„
1603 978 1740 1019 Guelf„

1011 1046 1106 1087 Rel.‚
1129 1042 1249 1076 Berol.
1274 1042 1311 1072 et
1322 1039 1466 1079 Dresd.,
1483 1038 1592 1076 atque
1613 1034 1741 1066 eodem

1012 1099 1234 1133 hemistichio
1257 1105 1343 1130 usus
1365 1095 1422 1127 est
1446 1093 1546 1125 Naso
1556 1091 1658 1123 Pont.
1670 1089 1742 1130 111,

1015 1156 1052 1198 1,
1076 1155 1150 1188 113.

1066 1219 1164 1248 Morte
1197 1218 1274 1246 nihil
1307 1222 1383 1252 opus
1417 1217 1480 1248 est,
1505 1213 1550 1241 nil
1580 1208 1744 1240 Icariotide

1410 1260 1490 1293 telo;
1514 1294 1518 1295 ⁷

1112 1307 1253 1337 caesaris
1270 1309 1302 1336 at
1319 1305 1430 1334 coniux
1447 1310 1499 1331 ore
1515 1300 1666 1338 precanda
1680 1301 1745 1326 tuo.

1019 1381 1107 1412 Met.
1130 1378 1230 1419 XIV,
1253 1375 1308 1409 24.
1352 1373 1449 1408 Fine
1465 1364 1558 1405 m'h'il
1573 1377 1666 1411 opus
1679 1367 1748 1400 est.

1020 1437 1138 1476 Atque
1161 1432 1305 1466 omnino
1321 1430 1486 1473 syllabas
1505 1427 1638 1460 medias
1661 1426 1748 1471 ante

1020 1491 1172 1524 vocales
1186 1490 1221 1521 in
1238 1483 1312 1520 arsi
1322 1493 1432 1527 saepe
1443 1482 1610 1526 produci,
1621 1481 1666 1512 ad
1677 1480 1747 1520 111,

1022 1546 1079 1589 15,
1103 1546 1156 1578 36.
1178 1544 1299 1578 multis
1323 1540 1541 1576 ostendimus
1564 1535 1749 1576 exemplis.

1022 1601 1189 1635 Heinsius
1219 1608 1266 1632 ex
1294 1605 1374 1630 exc.
1401 1597 1511 1629 Voss:
1541 1594 1651 1626 edere
1679 1598 1749 1623 au-

1023 1666 1084 1689 sus
1108 1658 1164 1688 est
1185 1653 1240 1687 nil
1264 1661 1357 1696 opus
1379 1649 1570 1685 estletho.
1594 1664 1636 1670 -
1650 1646 1750 1680 Gott.

1025 1711 1125 1743 letho
1153 1709 1209 1741 m'l
1238 1716 1332 1749 opus
1354 1707 1420 1739 est.
1464 1703 1560 1737 Busl.
1584 1703 1621 1735 et
1643 1700 1752 1734 erev.

1025 1765 1218 1806 morteque
1244 1761 1301 1794 m’l
1338 1768 1434 1802 opus
1466 1759 1532 1791 est.
1588 1755 1753 1790 Aliorum

1028 1821 1192 1855 codicum
1213 1807 1433 1859 scripturam
1464 1821 1545 1847 esse
1568 1812 1691 1845 dicunt
1711 1811 1755 1843 at

1027 1885 1117 1910 nece
1138 1874 1193 1907 m'l
1215 1881 1309 1915 opus
1332 1872 1404 1922 est,
1427 1877 1532 1912 quam
1554 1868 1662 1902 etiam
1686 1866 1755 1899 Al-
1819 1888 1833 1895 „

1030 1931 1113 1964 dina
1135 1930 1255 1963 altera
1276 1927 1395 1961 habet.

1072 1998 1126 2031 42.
1159 1996 1247 2029 Non
1276 2001 1326 2027 em
1352 1989 1513 2034 difficile.

1028 2055 1105 2087 350.

1579 1991 1677 2024 Fast.
1704 1989 1758 2031 V,

1093 2115 1160 2143 Non
1185 2121 1222 2142 ex
1245 2112 1364 2141 difficili
1387 2118 1479 2140 eausa
1494 2109 1625 2146 petenda
1643 2104 1759 2137 snbest.
1810 2097 1814 2102 “

1029 2175 1255 2215 Frequentes
1276 2172 1360 2202 sunt
1381 2170 1475 2210 apud
1492 2169 1672 2201 Nasonem
1690 2166 1758 2198 hu·-

1030 2229 1182 2264 iusmodi
1205 2227 1386 2260 formulae
1396 2225 1482 2257 loco
1500 2221 1679 2263 adverbii,
1691 2227 1759 2252 ve-

1035 2287 1092 2320 lut
1121 2293 1169 2318 eoe
1199 2290 1338 2324 aequo,
1367 2288 1415 2313 em
1446 2272 1538 2321 inito,
1569 2285 1617 2310 ex
1638 2274 1761 2320 facili,

1037 2350 1086 2375 eoe
1115 2340 1208 2380 toto,
1236 2339 1284 2371 al.
1316 2354 1361 2360 -—
1387 2337 1435 2368 V.
1458 2334 1513 2367 43.
1545 2331 1684 2367 Heinsii
1705 2330 1761 2362 ed.

1036 2408 1092 2441 pr.
1114 2396 1223 2440 quod.
1267 2394 1344 2428 Pal.
1368 2392 1399 2425 1.
1421 2388 1574 2424 moveri.

1082 2477 1136 2525 44.
1171 2470 1318 2515 Puppis
1346 2470 1419 2502 eat.
1492 2464 1638 2508 Puppis
1654 2465 1764 2505 ·Put.,

1039 2536 1132 2575 Iun.,
1154 2531 1231 2564 Pal.
1254 2530 1303 2571 2.,
1325 2522 1681 2564 v1‘aliineins.,1v
1695 2529 1765 2552 no-

1041 2591 1200 2621 strorum
1225 2588 1262 2617 et
1283 2585 1374 2616 vett.
1396 2581 1475 2613 edd.
1492 2597 1535 2602 —
1552 2576 1696 2618 Reliqui
1710 2571 1765 2613 (ἵ)

1039 2642 1158 2676 navis.
1174 2634 1219 2663 -’-
1235 2639 1404 2673 ceterum
1417 2633 1659 2678 proverbialis
1676 2631 1768 2662 haec
1836 2626 1846 2641 ¹

1041 2699 1179 2733 locutio
1214 2700 1292 2739 est,
1327 2703 1398 2736 qua
1429 2691 1573 2731 saepius
1605 2697 1692 2722 usus
1711 2688 1768 2720 est

1042 2757 1152 2788 Naso.
1183 2755 1289 2786 Pont.
1313 2753 1365 2791 11,
1388 2750 1423 2787 6,
1447 2747 1500 2780 37.

1110 2819 1193 2854 Quae
1212 2821 1242 2845 tu
1262 2823 1328 2845 cum
1345 2815 1494 2850 praestes,
1511 2817 1593 2838 remo
1617 2811 1716 2836 tamen
1732 2814 1770 2835 ιι-

1443 2860 1491 2886 tor
1509 2856 1539 2884 in
1557 2862 1649 2884 aura:
