1846 3146
197 166 265 218 58

442 165 500 215 P.
535 161 758 217 ovmn
792 139 1112 217 NAsoNis'
1142 164 1481 217 TRISTIUM

197 287 368 348 Ferte,
404 286 523 356 quid
553 287 637 338 hie
668 287 838 338 facio?
869 287 1028 354 rapidi
1059 303 1166 337 mea
1201 288 1404 338 carbasa
1435 289 1597 338 venti!

264 370 519 420 Ausonios
551 370 676 420 fines
708 385 797 420 cur
828 385 935 420 mea
967 371 1086 420 vela
1118 370 1328 421 vident‘2

198 453 379 504 Noluit
410 451 507 503 hoc
540 450 744 504 Caesar.
820 452 974 515 Quid,
1019 469 1157 520 quem
1189 454 1330 519 fugat
1362 453 1475 514 ille,
1511 452 1725 503 tenetis?

265 535 495 602 Aspiciat
527 535 698 584 vultus
731 536 939 587 Pontica
972 542 1104 586 terra
1135 551 1282 585 meos.

197 619 267 668 Et
298 619 434 669 iubet
467 623 519 667 et
551 620 731 669 merui·
717 654 731 680 ,
766 635 875 681 nec,
911 636 1034 686 quae
1070 619 1371 669 damnaverit
1404 618 1509 679 ille,

1660 617 1724 666 95

268 699 486 752 Crimina
520 700 723 752 defendi
756 702 902 753 fasve
934 705 1131 770 piumve
1162 707 1293 770 puto.

198 783 262 834 Si
288 789 448 833 tamen
482 790 593 835 acta
627 783 750 834 deos
784 802 1036 851 numquam
1068 783 1292 833 mortalia
1322 783 1528 844 fallunt3

266 867 318 935 A
354 867 500 934 culpa
533 868 725 918 facinus
758 870 898 917 scitis
931 869 1109 919 abesse
1142 881 1261 916 mea.

197 950 346 999 Immo
382 952 474 998 ita:
509 952 554 999 si
587 952 751 1011 scitis3
787 953 831 999 si
863 967 939 1001 me
974 953 1107 1000 nieus
1141 948 1342 999 abstulit
1373 954 1526 1010 error,

144 1024 147 1029 ’
265 1032 529 1099 Stultaque
561 1048 698 1082 mens
731 1035 891 1096 nobiS‚
926 1051 1023 1084 non
1058 1016 1316 1093 scelerata,
1352 1032 1469 1081 fuit:

210 1167 239 1200 1.
252 1188 268 1209 ,
301 1167 397 1201 Busl.
421 1169 458 1199 et
479 1168 532 1199 111
559 1166 624 1199 alii
645 1170 682 1200 et
704 1169 759 1200 ed.
782 1177 837 1209 pr.
861 1169 933 1201 hac

193 1221 359 1264 reqione.
407 1222 633 1264 scripserat,
657 1225 759 1265 puto,
783 1224 931 1258 Ovidius

196 1276 237 1310 t'n
260 1277 413 1319 regione
433 1276 517 1314 mei.
540 1279 607 1320 111,
629 1278 666 1320 8,
689 1279 745 1311 26.

265 1351 338 1382 Sive
356 1350 415 1379 mei
434 1358 527 1380 causa
550 1354 598 1380 est
618 1352 650 1379 in
662 1343 793 1388 'regione
811 1354 883 1382 mali
899 1369 932 1375 -

198 1421 303 1454 Pont.
327 1422 396 1480 ΠΙ,
420 1420 457 1463 1,
479 1422 499 1454 9

263 1509 299 1515 .-.
314 1509 349 1515 -
364 1509 398 1514 -
413 1509 448 1514 --
465 1497 498 1523 tu
515 1494 648 1531 pessima
665 1496 740 1525 duro

263 1539 340 1567 Pars
359 1546 391 1567 cs
410 1538 441 1566 in
460 1539 581 1567 exsilio.

737 1573 885 1607 ΗΕιΝε.

241 1653 298 1686 91.
324 1653 512 1687 Carbasa.
555 1653 659 1688 Libri
688 1639 778 1687 vett.
807 1661 931 1686 omnes

197 1717 381 1750 corpora.
428 1710 499 1742 Diu
538 1713 608 1752 est,
642 1711 738 1751 quod
768 1709 934 1742 carbasa

197 1766 342 1797 conieci
370 1766 584 1808 legendum,
615 1774 719 1807 quam
749 1764 833 1797 mihi
863 1772 931 1805 po-

197 1823 281 1852 stea
311 1821 532 1861 scripturam
566 1821 797 1855 confirmavit
832 1820 930 1852 Gott.

199 1894 244 1900 ——
266 1877 393 1908 Hamb.
418 1884 582 1916 cornua,
607 1879 647 1908 ut
668 1875 762 1907 mali
785 1883 932 1907 cornua

194 1930 392 1971 intelligat.
416 1931 670 1972 Vid.Met.xl,
683 1930 758 1963 476.
783 1930 929 1961 Hunvs.

193 1987 432 2028 Inelegauter
469 1988 526 2019 est
554 1987 654 2020 Naso
687 1986 856 2027 locutus,
900 1985 932 2016 si

196 2049 288 2074 vere
309 2050 396 2074 mea
427 2041 514 2073 vela
542 2044 581 2074 et
601 2049 687 2074 mea
708 2040 875 2074 carbasa
897 2041 931 2073 h.

194 2095 222 2129 1.
245 2096 406 2138 scripsit.

242 2163 297 2195 92.
334 2162 482 2195 Vident.
540 2165 630 2197 Mss.
668 2161 838 2194 exhibent
873 2161 931 2193 t&

197 2217 308 2258 nent,
342 2217 494 2260 iuvant,
523 2217 671 2260 vovent,
691 2216 839 2259 petunt,
862 2223 931 2248 coa

199 2272 296 2314 lunt,
332 2273 488 2316 (Guelfi,
522 2273 599 2306 Pal.
633 2273 665 2306 2.
698 2275 737 2305 et
778 2273 851 2306 VII
894 2274 933 2304 et

197 2328 328 2360 Dresd.
341 2335 365 2360 a
379 2328 408 2360 1.
422 2329 487 2366 m.)
499 2329 611 2361 volun
617 2328 642 2360 t.
665 2329 808 2361 Strozz.
823 2327 932 2360 etiam

197 2382 289 2424 quid
318 2391 414 2415 mea.
442 2384 583 2417 Bmm.
627 2384 712 2418 Vid.
742 2384 781 2425 Ι,
810 2382 847 2425 4,
876 2383 932 2415 20.

178 2436 399 2476 Ausonios.
453 2441 600 2473 Festus:
629 2438 836 2472 Ausoniam
858 2447 932 2479 ap·
970 2454 975 2458 -

193 2493 361 2534 pellavit
387 2494 539 2536 Auson,
578 2494 721 2536 Ulyssis
750 2495 788 2526 et
815 2493 933 2534 Caly-
960 2518 961 2521 η

198 2556 292 2588 psus
299 2548 416 2591 filius,
446 2558 530 2583 eam
549 2551 703 2591 partem
714 2549 871 2590 ltaliae,
893 2548 933 2582 in

200 2614 280 2647 qna
310 2606 425 2639 urbes
454 2607 708 2642 Beneventum
738 2606 775 2638 et
802 2604 932 2645 Gales,-

196 2661 331 2698 deinde
351 2661 558 2702 paullatim
580 2663 662 2695 tota
681 2661 805 2694 Italia
827 2661 933 2694 dicta

195 2714 376 2748 Ausonia.
430 2717 581 2759 Dionys.
620 2718 701 2750 Hal.
735 2720 779 2750 A.
810 2719 853 2750 R.
887 2719 931 2760 1.,

194 2773 313 2813 Heyn.
342 2771 432 2805 Exc.
463 2773 525 2805 IV.
565 2775 609 2805 ad
640 2774 743 2815 Virg.
775 2776 817 2807 A.
848 2775 929 2806 vn.

192 2814 299 2862 cans.
324 2830 356 2870 1,
380 2830 416 2870 3,
441 2830 471 2861 s.

1629 1032 1727 1082 10⁰

1043 1170 1098 1202 93.
1120 1166 1237 1210 Reid„
1259 1166 1381 1200 Guelf.
1410 1173 1434 1198 a
1466 1166 1498 1198 2.
1522 1173 1583 1207 m.‚
1605 1165 1728 1206 nem,

999 1225 1123 1267 Goth„
1151 1224 1237 1264 Seg.
1268 1225 1306 1255 et
1343 1222 1469 1264 plures
1503 1221 1626 1254 Heius.
1657 1228 1728 1252 cur

998 1287 1069 1321 que
1106 1302 1115 1310 .

1041 1368 1095 1401 94.
1124 1365 1310 1408 Aspiciat.
1355 1367 1454 1399 Unus
1489 1365 1585 1399 Med.
1619 1362 1727 1403 aepi-

998 1421 1089 1454 eias.
1134 1423 1224 1465 Beg.
1248 1430 1317 1464 pro
1340 1430 1375 1454 v.
1409 1429 1498 1463 scr„
1519 1419 1597 1452 Pal.
1621 1419 1668 1462 1.‚
1691 1423 1730 1452 et

998 1479 1031 1510 Π
1054 1477 1116 1509 alii
1141 1466 1221 1510 eum
1244 1486 1299 1518 pr.
1320 1478 1374 1509 ed.
1387 1475 1566 1516 accipiat.
1588 1476 1727 1508 Βσιυι.

997 1533 1043 1564 V.
1079 1533 1132 1565 95.
1169 1533 1303 1575 Goth,
1343 1531 1493 1574 Berol.,
1535 1532 1648 1575 seg„
1680 1533 1727 1564 fr.

998 1588 1104 1630 Rev.,
1126 1589 1203 1620 Iun.
1227 1590 1264 1620 et
1286 1587 1340 1620 1v
1362 1587 1425 1619 alii
1435 1587 1557 1620 Heius.
1568 1587 1728 1620 damna-

998 1643 1119 1675 verat.
1166 1643 1267 1677 Leid.
1291 1645 1330 1676 et
1351 1643 1459 1676 Goth.
1488 1642 1584 1684 ipse.
1629 1646 1726 1677 Mor.

999 1699 1110 1740 quod.
1776 1700 1779 1704 ’

1044 1787 1099 1819 95.
1120 1786 1247 1821 Fasve
1267 1786 1428 1830 piumve.
1449 1787 1531 1821 Fas
1543 1789 1601 1820 ωε
1619 1786 1731 1830 idem,

1000 1844 1095 1884 quod
1114 1842 1231 1885 pium,
1253 1845 1406 1886 ideoque
1431 1845 1524 1885 Reg.
1546 1843 1730 1885 scriptura

999 1899 1123 1939 placet
1172 1896 1309 1942 iusque
1351 1898 1539 1941 piumque.
1589 1896 1728 1930 Bam.

998 1955 1100 1986 Male
1114 1955 1152 1986 B.
1167 1955 1264 1987 dedit
1273 1953 1345 1996 ius,
1365 1961 1482 1995 neque
1493 1953 1587 1985 idem
1605 1951 1671 1994 fae
1692 1954 1732 1985 et

994 2007 1112 2048 pium.
1175 2009 1256 2041 Fas
1301 2009 1395 2041 enim
1404 2030 1420 2051 ,
1465 2007 1730 2048 interpretante

997 2063 1103 2095 serv.
1135 2065 1181 2095 ad
1211 2054 1316 2105 vii-g.
1348 2063 1391 2096 e.
1420 2063 1461 2104 1,
1494 2062 1572 2094 269.
1606 2063 1651 2094 de
1684 2059 1731 2094 ea

996 2119 1103 2161 lege,
1149 2126 1241 2160 quae
1285 2126 1332 2150 ex
1372 2125 1495 2150 rerum
1529 2117 1730 2150 divinarum

998 2175 1192 2207 sanctitate
1221 2173 1478 2215 proficiscitur.
1529 2174 1605 2204 lam
1625 2172 1732 2213 pium

1003 2230 1085 2271 quid
1117 2229 1179 2272 sit,
1223 2237 1298 2261 non
1328 2230 1399 2271 est,
1445 2229 1539 2270 quod
1569 2229 1728 2262 doceam.

963 2319 969 2329 ,
999 2287 1135 2319 Eadem
1157 2286 1276 2317 verba
1296 2284 1411 2316 iunxit
1433 2285 1532 2317 Naso
1546 2286 1636 2318 Met.
1646 2284 1732 2327 XV,

997 2342 1075 2374 867.
1106 2357 1149 2363 -—-
1178 2342 1293 2383 Beg.,
1325 2340 1422 2374 Gall.
1431 2361 1445 2382 ,
1483 2341 1606 2382 serv„
1638 2341 1732 2382 Iun„

998 2397 1158 2439 Pirckh.,
1181 2396 1278 2438 Reh,
1300 2396 1451 2437 Erana,
1474 2395 1611 2437 Guelfi,
1623 2395 1731 2428 crev.

998 2455 1037 2485 et
1082 2454 1138 2484 ed.
1185 2453 1320 2484 Bonon.
1364 2449 1502 2493 fasque
1541 2449 1729 2492 piumque.

998 2508 1075 2540 Pal.
1110 2506 1160 2548 1.,
1191 2507 1292 2539 Leid.
1334 2510 1372 2539 et
1407 2507 1475 2538 ΧΠ
1510 2506 1574 2539 alii
1610 2506 1730 2539 Heius.

1003 2561 1188 2595 carmina.
1624 2560 1630 2565 ·

1044 2639 1098 2671 97.
1122 2641 1215 2681 Iun„
1231 2637 1523 2683 Putsallunt—
1531 2646 1731 2680 nunquam.

1041 2718 1095 2750 99.
1132 2717 1252 2749 Immo
1282 2715 1360 2748 ita.-
1395 2714 1429 2748 εἰ
1456 2713 1572 2747 scitis.
1618 2715 1731 2748 Hein-
1759 2724 1787 2744 .-

998 2774 1071 2805 sius
1095 2772 1193 2804 dedit
1214 2780 1283 2804 vos
1304 2769 1434 2809 scitis;
1456 2773 1565 2811 atque
1589 2771 1641 2803 ita
1663 2774 1732 2804 ex-

998 2828 1120 2860 hibent
1151 2829 1264 2870 neg„
1309 2826 1405 2859 Gall.
1412 2848 1430 2868 ,
1461 2828 1579 2868 Mon,
1611 2827 1732 2868 Serv„
