1846 3146
157 202 257 253 284
398 202 456 252 P.
492 157 716 253 ovlmi
750 201 1068 278 NAsole
1101 202 1445 255 'rms'rmM

247 323 306 359 ita
327 322 394 358 diu
412 324 574 367 fuerant
594 326 767 370 vulqata,
789 333 908 369 neque
927 327 1137 368 praeterea
1162 326 1334 361 Graecae
1366 323 1526 369 originis
1548 326 1587 360 et
1608 334 1688 362 esse

245 381 319 413 laoc
341 389 459 423 yenus
481 382 519 414 et
547 381 680 415 haberi
712 383 794 414 tum
821 381 1003 425 desierat,
1033 384 1071 417 et
1091 384 1193 426 quod
1212 383 1332 425 probe
1354 382 1552 417 tenendum
1573 384 1632 416 est
1652 385 1690 417 et

246 434 287 467 in
309 435 379 468 boc
402 435 620 478 quaestione
642 437 765 479 valet,
797 436 914 479 poem
941 436 1029 470 illis·
1049 446 1139 470 non
1159 437 1326 479 patrio
1348 446 1478 472 more
1500 437 1689 472 amicissi-

244 499 329 523 mae
349 490 526 532 poetriae
549 491 720 526 blandiri
741 493 872 536 voluit,
902 494 947 526 ut
966 494 1058 526 'eum
1085 493 1286 535 probabile
1307 492 1368 535 sit,
1391 493 1590 535 dummodo
1613 494 1689 527 Pe-

247 545 367 579 rillae
386 548 574 590 placeret,
596 548 699 582 haud
719 557 948 591 magnopere
976 548 1132 591 cavisse,
1153 558 1201 581 ne
1227 549 1360 589 paullo
1383 547 1605 582 insolentius
1626 548 1690 582 di-

246 609 336 634 cere
368 602 577 637 videretur.
636 604 743 644 Quod
775 605 901 637 autem
936 613 971 637 v.
1008 604 1078 637 20.
1110 603 1298 638 Perillam
1325 603 1482 637 Lesbiae
1516 603 1691 646 poetriae

245 658 461 699 comparat,
484 667 622 692 vereor
643 669 690 693 ne
708 668 850 701 parum
871 659 973 703 inde,
996 669 1079 693 eam
1101 668 1257 703 quoque,
1279 660 1322 692 ut
1334 659 1520 700 Lesbiam,
1538 659 1690 694 Graeca

246 711 424 745 carmina
446 714 698 756 composuisse
719 714 924 758 efficiatur.
971 714 1287 755 Quemadmodum
1314 715 1411 749 enim
1431 715 1620 748 Homerus
1642 724 1690 748 a-

244 768 327 809 pud
364 769 511 802 veteres
549 778 626 810 pro
654 778 798 803 summo
825 770 943 812 poe'ta
976 771 1074 812 erat,
1097 769 1155 803 ita
1176 771 1224 804 ab
1247 770 1380 804 iisdem
1402 772 1482 804 tam
1505 771 1690 806 Romanis

246 831 362 865 quam
390 824 551 857 Graecis
578 825 735 868 Sappho
768 835 913 858 summa
939 825 1095 867 poetria
1125 815 1359 860 habebatur.-
1391 828 1437 860 ut
1464 836 1536 870 quo
1569 827 1691 870 maqis

245 878 379 921 aliqua
404 878 550 922 femina
577 879 617 912 in
644 881 799 923 poetica
822 882 1048 924 eoecelleret,
1081 890 1124 915 eo
1144 882 1306 924 propius
1327 883 1380 915 ad
1400 883 1579 926 Sapphus
1600 884 1689 915 lau-

246 934 331 967 dem
354 935 537 968 accedere
558 935 755 969 diceretur
760 948 777 977 ;
806 937 920 979 atque
948 938 994 970 ut
1013 937 1172 979 Ennius,
1203 937 1319 980 poe'ta
1339 937 1512 980 Latinus,
1535 947 1562 971 a
1582 939 1689 972 vete-

244 998 335 1023 rum
353 990 557 1032 poetarum
578 992 882 1025 admiratoribus
905 991 1023 1033 (Hor.
1047 992 1121 1035 Ep.
1154 993 1215 1035 II,
1245 991 1278 1035 1,
1308 992 1400 1035 50.)
1434 993 1566 1040 alter
1594 994 1691 1027 Ho-

245 1053 400 1078 merus
421 1047 647 1090 vocabatur,
669 1049 715 1081 ut
735 1047 929 1089 Ponticus,
953 1047 1016 1089 qui
1038 1048 1077 1080 et
1096 1047 1176 1090 ipse
1185 1049 1323 1082 Latine
1343 1048 1514 1093 scripsit,
1533 1047 1690 1091 primo

246 1100 445 1134 Homero
469 1103 754 1135 contendere
783 1103 983 1136 dicebatur
1017 1104 1162 1146 (Prop.
1196 1104 1233 1147 Ι,
1261 1103 1300 1146 7,
1324 1103 1408 1147 1.].·
1432 1105 1560 1138 eodem
1579 1103 1691 1137 modo

248 1156 398 1189 Nasoni
420 1156 547 1190 dicere
570 1156 719 1199 licebat,
743 1157 831 1200 quin
863 1159 1011 1192 Graece
1044 1160 1195 1193 Perilla
1220 1160 1419 1203 scriberet,
1453 1168 1479 1192 a
1500 1160 1586 1191 sola
1609 1166 1692 1191 eam

248 1211 386 1246 Lesbia
408 1211 601 1255 superari.
655 1212 724 1252 Qui
755 1221 849 1246 vero
869 1215 1042 1257 patrio
1061 1224 1185 1249 more
1205 1224 1281 1258 pro
1303 1217 1508 1259 paterno
1531 1222 1693 1256 accepe-

245 1269 351 1309 runt,
379 1268 497 1300 aliam
526 1266 795 1310 difficultatem
824 1278 900 1302 non
929 1270 1108 1304 videntur
1135 1271 1390 1314 perspeaeisse,
1417 1269 1595 1304 nimirum
1624 1268 1691 1312 qui

246 1331 327 1356 mos
346 1324 536 1365 paternus
557 1324 655 1356 esset
675 1323 952 1365 intelligendus.
998 1325 1042 1359 Si
1065 1325 1164 1359 enim
1184 1335 1276 1359 non
1297 1326 1462 1367 patris
1483 1325 1692 1359 numeris

246 1379 294 1411 et
313 1381 416 1413 mod
423 1379 464 1412 is
485 1379 730 1422 intelliqeres,
762 1381 941 1412 contorta
970 1381 1009 1413 et
1032 1388 1174 1421 parum
1197 1380 1406 1422 perspicua
1427 1380 1555 1414 oratio
1573 1381 1690 1424 foret.

247 1433 449 1476 Infelicius
472 1434 542 1468 alii
565 1444 590 1468 a
622 1435 739 1476 poe'ta
761 1435 837 1469 dici
860 1437 1106 1478 censuerunt,
1141 1444 1224 1469 eam
1244 1445 1319 1469 non
1339 1436 1468 1479 patris
1489 1438 1543 1470 ad
1563 1446 1692 1471 essem-

243 1489 354 1529 plum
388 1490 573 1524 obscoena
604 1490 867 1532 composuisse.
926 1492 1030 1525 Sane
1062 1491 1096 1524 si
1117 1491 1226 1524 Naso
1258 1491 1354 1526 nihil
1386 1491 1462 1525 nisi
1495 1492 1627 1535 turpia
1656 1494 1695 1527 et

249 1543 434 1578 obscoena
456 1545 664 1589 cecinisset,
687 1546 798 1590 idque
819 1546 901 1589 ipse
923 1545 1183 1590 concessisset,
1219 1548 1297 1580 tum
1317 1547 1391 1580 illa
1413 1547 1551 1590 oratio,
1571 1557 1693 1590 prae-

247 1600 310 1633 ter
332 1603 432 1643 quod
454 1602 525 1635 hoc
546 1603 632 1635 loco
652 1611 798 1644 parum
820 1604 1041 1644 opportuna
1061 1601 1278 1646 videretur,
1311 1611 1388 1635 non
1419 1603 1567 1636 omnino
1588 1604 1692 1638 vitu-

248 1658 429 1697 peranda
450 1659 558 1691 esset.
605 1659 723 1699 Quum
745 1659 872 1692 autem
891 1658 1018 1701 polita,
1041 1657 1185 1702 quoties
1207 1659 1254 1692 de
1276 1658 1438 1693 ludicris
1455 1658 1534 1693 suis
1547 1659 1693 1693 carmi-

246 1711 358 1745 nibus
370 1713 541 1757 loquitur
553 1714 664 1757 (Vid.
677 1716 730 1749 ad
740 1715 776 1758 I,
788 1713 821 1758 1,
833 1714 926 1757 23.)
938 1714 1084 1757 ubique,
1106 1713 1264 1757 reliquis
1274 1714 1508 1748 carminibus
1526 1715 1694 1749 exclusis

246 1777 362 1802 unam
384 1772 535 1804 tantum
556 1771 690 1805 Artem
708 1771 940 1805 amatorium
957 1768 1166 1812 intelligat,
1187 1769 1283 1803 nibil
1304 1779 1352 1804 ea
1370 1769 1695 1812 interpretatione

245 1827 375 1867 potest
392 1836 471 1860 esse
488 1827 701 1861 absurdius.
749 1827 887 1869 Quibus
905 1827 1033 1861 autem
1052 1826 1269 1870 appositum
1287 1825 1385 1860 illud
1407 1827 1547 1860 docta
1565 1825 1694 1859 Grae-

248 1889 383 1915 corum
405 1883 616 1916 carminum
637 1882 804 1916 studium
833 1884 1039 1917 declarare
1073 1883 1131 1916 est
1159 1883 1294 1924 visum,
1327 1890 1404 1914 non
1433 1881 1532 1914 satis
1553 1889 1706 1927 cogyno->

248 1936 347 1970 visse
369 1937 548 1971 videntur
569 1939 705 1979 poetae
727 1947 835 1971 usum
857 1938 1028 1980 dicendi,
1059 1947 1084 1971 a
1106 1946 1178 1981 quo
1201 1938 1330 1972 docti
1353 1946 1481 1971 omnes
1501 1937 1694 1978 dicuntur,

249 1992 314 2034 qui
333 1992 374 2025 in
397 1993 530 2036 aliqua
559 1994 639 2027 sive
669 1994 757 2026 arte
788 1993 868 2027 sive
901 1993 1081 2028 doctrina
1112 1994 1191 2028 sive
1218 2003 1262 2028 re
1290 2002 1520 2038 quacunque,
1546 1993 1587 2026 in
1617 2001 1695 2035 qua

247 2047 391 2090 inqenii
412 2049 471 2082 vis
492 2048 675 2090 cernitur,
689 2050 890 2082 eoecellunt.
918 2049 984 2082 Sic
1006 2050 1032 2083 d
1043 2058 1063 2082 o
1074 2051 1182 2095 ctus
1189 2050 1253 2091 Py
1263 2050 1308 2082 th
1317 2057 1494 2092 ayoras
1504 2047 1596 2081 Met.
1604 2047 1693 2090 XV,

248 2103 340 2145 74.,·
364 2104 529 2138 doctus
541 2103 858 2145 Germanicus,
882 2104 1049 2138 doctus
1073 2105 1303 2147 Catullus,
1323 2103 1472 2146 poetae,
1495 2103 1692 2146 PontJV,

248 2162 287 2202 8,
309 2160 388 2203 77„
411 2160 540 2193 Amor.
562 2160 650 2201 ΙΙΙ,
683 2158 721 2200 9,
754 2157 842 2200 62.,·
877 2159 1010 2192 docti
1040 2160 1210 2201 poe'tae
1244 2159 1325 2193 sine
1355 2158 1572 2192 discrimine
1601 2157 1691 2191 Art.

249 2216 336 2258 III,
360 2215 469 2258 551.‚·
494 2216 660 2249 doctus
681 2216 875 2256 BrutuS,
898 2215 1068 2248 doctus
1089 2215 1316 2258 Salanus,
1341 2215 1542 2256 oratores,
1581 2213 1692 2247 Pont.

251 2272 314 2314 II,
336 2272 375 2314 5,
398 2271 470 2313 15„
494 2272 530 2312 I,
554 2269 587 2313 1,
610 2269 700 2312 24.;
724 2271 892 2304 doctae
915 2271 1046 2303 artes
1067 2270 1234 2304 Daedali
1256 2272 1350 2304 Met.
1373 2270 1447 2312 IX,
1469 2269 1588 2310 743.,·
1611 2269 1691 2302 do-

250 2329 332 2361 cta
362 2336 522 2360 manus
543 2325 754 2368 sculptoris
775 2326 883 2358 Fast.
908 2327 995 2369 III,
1028 2326 1143 2367 832.‚·
1173 2327 1342 2360 doctae
1369 2334 1532 2359 manus
1563 2326 1693 2366 lyram

249 2383 443 2425 pulsantis
463 2383 595 2416 Amor.
619 2382 687 2423 II,
709 2381 748 2423 4,
771 2381 858 2421 284
889 2382 1028 2415 docta
1050 2382 1246 2415 brachia
1268 2381 1481 2414 texentium
1502 2381 1594 2415 Met.
1621 2379 1692 2421 VI,

249 2439 320 2472 60.
364 2440 447 2473 Hoc
469 2439 553 2473 dico
576 2447 624 2471 e-z·
646 2437 714 2470 illo
737 2436 884 2479 quidem
907 2438 990 2469 loco
1008 2437 1103 2469 nihil
1125 2436 1222 2470 certi
1245 2436 1373 2478 colliyi
1391 2445 1515 2479 posse,
1538 2444 1690 2478 eumque

251 2496 395 2538 eodem,
424 2495 459 2528 si
487 2503 564 2527 non
593 2492 752 2534 maiore,
773 2492 859 2525 iure
879 2492 919 2524 in
942 2492 1179 2526 contrariam
1206 2494 1360 2534 partem
1385 2491 1533 2536 afferri.
1577 2491 1691 2524 Alter

247 2552 305 2583 est
334 2553 450 2592 locus,
486 2548 610 2593 qualis
645 2548 793 2592 quidem
825 2556 927 2582 nunc
952 2549 1043 2590 post
1075 2548 1233 2582 Petrum
1254 2548 1518 2582 Burmannum
1537 2546 1578 2581 in
1597 2547 1689 2588 plu-

249 2605 359 2640 rimis
380 2606 491 2640 libris
513 2606 653 2648 eoestat,
676 2614 710 2638 v.
732 2604 791 2640 17.
1498 2619 1501 2621 ·

426 2701 566 2734 Primus
589 2701 625 2734 id
648 2699 870 2743 (inqenium)
893 2700 1044 2742 adspexi
1067 2700 1203 2734 teneris
1226 2699 1264 2733 in
1285 2699 1439 2743 virginiz
1461 2698 1580 2740 miz,

490 2760 607 2800 thue
630 2759 747 2800 patet,
770 2765 887 2790 venae
911 2758 1054 2798 duxque
1077 2764 1271 2798 comesque
1297 2756 1362 2789 fui.

249 2847 326 2880 Sed
347 2845 387 2879 in
411 2856 453 2879 eo
474 2846 639 2890 primum
661 2846 733 2879 illa
766 2846 905 2888 utque
935 2845 1317 2888 patet—dumque
1345 2850 1587 2884 comesque
1615 2850 1691 2874 non

251 2902 348 2936 satis
371 2904 605 2937 commodum
627 2911 774 2938 sensum
795 2901 989 2944 praebent.
1042 2901 1143 2935 Nam
1171 2898 1319 2935 etiamsi
1345 2899 1438 2933 haec
1464 2897 1592 2940 primo
1613 2907 1690 2932 non
