1846 3146
219 180 319 230 200

477 183 533 233 P.
571 184 793 237 OVIDII
825 189 1141 246 NASONIS
1175 194 1517 252 TRISTIUM

218 302 332 352 Nec
365 310 513 354 nocet
546 311 750 371 auctori,
785 312 981 363 mollem
1016 318 1098 382 qui
1130 317 1252 367 fecit
1272 320 1550 386 Achillem,

282 385 554 451 Infregisse
588 392 690 440 suis
723 392 872 445 fortia
904 396 1038 448 facta
1069 400 1240 450 modis.

214 468 381 518 Iunxit
413 470 664 525 Aristides
697 475 898 529 Milesia
932 483 1130 531 erimina
1162 499 1344 547 secum,

279 552 462 603 Pulsus
494 554 747 607 Aristides
780 576 874 612 nec
905 567 1064 614 tamen
1097 567 1218 617 urbe
1253 585 1370 631 sua;

210 711 246 736 v.
268 710 342 735 scr.
365 702 536 744 neglecti.
582 698 658 740 1³a1.
670 707 702 740 2.
722 712 940 749 praeterea.

211 758 333 791 Guelf.
354 759 640 798 praetereundi.

253 834 330 866 411.
363 835 521 868 Mollem
552 837 616 879 qui
635 839 733 881 fecit
753 841 939 878 Achillem
970 860 975 865 ·

206 885 418 930 intelligunt
456 892 570 934 vulgo
608 902 687 927 cum
732 898 937 934 Burmanno

205 943 367 987 poetam,
392 946 451 986 qui
472 948 627 981 Achillis
639 958 782 985 amores
795 955 937 988 descri-

205 1001 322 1039 pserit
344 1002 504 1034 carmine
527 1004 703 1046 elegiaco.
748 1009 803 1041 De
826 1012 938 1044 Sota-

207 1055 266 1090 dio
296 1059 479 1101 carmine,
520 1062 640 1103 quod,
674 1063 714 1095 ut
746 1072 767 1096 e
803 1065 936 1101 Gram-

202 1114 343 1146 maticis
374 1117 448 1147 tam
480 1115 633 1149 Graecis
663 1126 767 1171 quam
795 1121 935 1155 Latinis

203 1169 388 1213 discimus,
399 1170 507 1202 valde
520 1176 733 1206 enervatum
750 1179 845 1218 erat,
869 1185 936 1209 co-

200 1223 342 1265 gitabat
363 1225 541 1258 Heinsius.
596 1228 644 1260 Et
675 1229 823 1263 Homeri
846 1241 935 1267 ver-

198 1286 262 1310 sus
284 1279 321 1310 in
344 1282 498 1315 metrum
522 1282 732 1316 Sotadicum
746 1289 957 1330 redegisse-

199 1333 361 1366 Sota'den
384 1335 472 1368 dicIt
489 1338 605 1370 schol.
616 1340 808 1380 Hephaest.
821 1353 855 1384 p.
880 1344 933 1376 10.

197 1388 280 1421 Vid.
304 1389 412 1423 etiam
445 1390 542 1424 suid.
575 1396 613 1427 et
641 1393 762 1437 Quint.
791 1399 818 1429 Ι.
844 1407 874 1431 c.
898 1400 931 1433 8.

196 1444 278 1485 Ego
300 1454 392 1479 vero
417 1448 583 1481 exIstimo
606 1449 677 1483 hoc
701 1459 812 1484 versu
837 1462 929 1486 con-

197 1499 337 1533 tinuari,
354 1508 413 1543 ea,
436 1510 528 1543 quae
551 1513 586 1536 v.
610 1505 687 1537 409.
710 1508 747 1539 et
770 1507 846 1540 410.
871 1510 928 1542 di-

196 1558 352 1599 cuntur,
381 1558 419 1589 et
449 1566 596 1591 carmen
616 1561 825 1602 satyricum
855 1567 927 1599 ali-

195 1613 291 1653 quod
312 1613 526 1656 significari,
549 1615 586 1646 in
610 1624 679 1656 quo
702 1619 854 1653 Achillis
882 1630 927 1654 a-

193 1674 315 1699 mores
339 1668 438 1706 (Vid.
461 1678 497 1701 v.
529 1669 625 1707 405.)
649 1671 739 1705 risui
761 1678 926 1716 expone-

192 1724 331 1756 rentur.
382 1724 475 1756 Nam
503 1723 571 1756 iHa
602 1723 683 1757 suis
715 1729 835 1762 'nodis
866 1732 926 1764 in-

193 1776 312 1818 telligi
339 1782 494 1819 possunt
521 1789 590 1812 suo
624 1783 811 1828 carmine,
846 1787 926 1822 suis

186 1833 395 1867 mollicula<
412 1829 623 1868 versiculis.
646 1854 687 1860 —
712 1840 792 1872 Bel.
818 1842 924 1884 glos-

190 1895 251 1920 sa:
273 1888 414 1922 Statio:
460 1891 594 1933 Guelf„
629 1894 706 1925 Iun.
737 1896 774 1927 et
802 1897 922 1931 Berol.

190 1944 301 1984 quod.
347 1946 432 1987 seg.
455 1947 554 1986 qnod
575 1948 737 1980 mollem.
781 1951 829 1985 V.
843 1952 919 1988 412.

190 1999 320 2036 Dresd.
346 2000 524 2039 membra,

234 2086 310 2121 413.
345 2087 772 2132 IunoeitAristides‚ete.
819 2093 919 2137 Qua..

189 2143 275 2179 tuor
322 2148 386 2177 aut
430 2146 583 2187 quinque
613 2148 765 2192 HeinsiI,
809 2152 919 2185 etiam

188 2188 308 2241 Βότω,
327 2200 511 2233 carmina.

187 2262 241 2286 na
261 2263 388 2297 sacro,
412 2257 472 2297 qui
493 2257 603 2291 etiam
624 2256 756 2299 iunyit.
779 2262 921 2295 —Fuit

186 2312 308 2343 autem
319 2312 500 2347 Aristides
523 2313 633 2353 poeta
647 2314 811 2350 Milesius
834 2317 919 2360 (111,

112 2351 122 2366 ¹
187 2365 223 2406 9,
247 2366 312 2406 3.),
337 2366 437 2403 cuius
468 2370 569 2401 aetas
599 2370 636 2403 et
658 2369 736 2402 vita
757 2378 831 2403 non
852 2381 916 2404 sa-

187 2420 232 2453 tis
262 2422 419 2453 constat.
470 2423 623 2455 Praeter
654 2424 727 2456 alia
754 2427 916 2468 scripse..

184 2476 244 2507 rat
298 2475 500 2508 Milesiae-a
551 2478 629 2511 sive
683 2483 915 2519 narrationes

184 2525 351 2572 (λόγους)
374 2533 418 2563 de
440 2533 548 2564 rebus
571 2534 734 2575 turpibus
757 2540 794 2570 et
812 2546 914 2571 ama-

184 2586 304 2628 toriis,
328 2595 414 2627 quas
438 2586 602 2621 Milesias
627 2590 772 2624 videtur
783 2595 914 2634 appel-

182 2639 295 2682 lasse,
318 2649 392 2673 non
416 2645 510 2684 quod
533 2645 570 2677 in
592 2647 843 2690 florentissima
865 2650 928 2682 il->

182 2695 221 2728 la
244 2698 281 2727 et
309 2698 580 2737 opulentissima
610 2702 758 2734 civitate
790 2712 911 2737 mores

182 2753 348 2793 corrupti
367 2753 522 2796 fuerint,
545 2757 607 2800 sed
627 2759 719 2796 quod
744 2767 803 2791 res
827 2760 911 2794 illas

182 2808 308 2847 turpes
339 2808 458 2840 Mileti
492 2811 528 2841 et
556 2818 579 2842 a
607 2813 759 2846 Milesiis
790 2817 911 2850 factas

180 2861 353 2898 finxisset.
385 2864 458 2897 Sed
471 2866 563 2900 alias
585 2876 651 2901 suo
672 2870 738 2904 sub
750 2870 908 2914 nomine,

540 2203 765 2238 Buslidianus
777 2207 921 2239 carmi-
951 2222 954 2227 ·

1009 715 1111 757 quasi
1132 715 1211 757 ipse
1241 718 1405 762 fecisset,
1437 728 1611 755 narrasse
1632 722 1739 758 vide-

1008 772 1089 814 tur,
1109 773 1220 814 atque
1239 772 1300 806 ita
1319 775 1560 810 Milesiorum
1576 778 1740 813 crimina

1007 834 1090 858 cum
1110 826 1190 859 suis
1211 829 1273 860 vel
1294 838 1417 863 secum
1438 830 1618 865 iunxisse.
1657 834 1738 867 Mi-

1006 879 1150 913 lesiaca
1171 882 1237 915 illa
1257 885 1429 919 Aristidis
1451 889 1568 929 tangit
1590 890 1683 922 plut.
1699 890 1738 923 in

1005 936 1139 969 Crasso
1174 945 1205 974 c.
1236 940 1290 972 32.
1313 934 1499 974 ἀκόλαστα
1518 940 1643 986 βιβλία
1662 942 1737 978 τῶν

1004 986 1227 1034 Ἀριστείδου.
1241 993 1491 1037 Μιλησιακῶν.
1543 998 1625 1032 Vid.
1654 1002 1735 1042 Δρ-
1785 1028 1789 1039 1

1003 1048 1098 1087 pian.
1123 1049 1158 1081 in
1180 1051 1373 1093 Parthicis,
1395 1051 1540 1084 Arrian.
1561 1054 1599 1087 in
1615 1056 1734 1097 Epict-

1001 1102 1064 1133 1V.
1089 1110 1119 1134 c.
1143 1103 1190 1145 9.,
1214 1106 1433 1146 Harpocrat.
1461 1107 1497 1139 in
1520 1108 1734 1155 Δερμιστής,

1002 1158 1061 1198 qui
1098 1162 1240 1192 sextum
1263 1161 1437 1194 Aristidis
1459 1164 1734 1199 Milesiacorum

1003 1211 1145 1255 laudat,
1180 1216 1218 1251 et
1245 1215 1403 1260 Lucian„
1424 1210 1464 1250 ἐν
1497 1219 1575 1256 τοῖς
1606 1215 1733 1262 ἐρωτι-

1003 1268 1092 1305 κοῖς.
1139 1269 1244 1303 cons.
1267 1279 1302 1302 v.
1325 1270 1402 1303 ua.
1452 1273 1530 1306 Pol.
1554 1274 1585 1308 1.
1591 1297 1606 1318 ,
1631 1277 1666 1308 Π
1687 1285 1732 1309 a-

998 1321 1039 1354 lii
1061 1323 1182 1355 Heius.
1201 1327 1238 1357 et
1255 1325 1607 1371 Seg3Aristae'medes.
1651 1333 1732 1366 Put-

998 1377 1249 1411 Aristonides.
1296 1381 1418 1414 Guelf.
1441 1383 1612 1419 Melesia.
1646 1388 1730 1430 Seg-

998 1436 1036 1465 et
1060 1435 1179 1467 Berol.
1202 1435 1382 1469 Millesia.
1435 1440 1532 1472 Mor.
1564 1439 1729 1475 Miletia.

996 1488 1090 1530 Iun.,
1118 1490 1215 1532 ReL,
1249 1492 1356 1524 Goth.
1384 1492 1570 1527 Miletida.
1615 1497 1729 1540 Gall„

996 1542 1119 1585 Serv„
1142 1545 1194 1576 111
1216 1546 1277 1578 alii
1299 1547 1436 1590 Heius„
1456 1550 1542 1591 seg.
1566 1551 1603 1581 et
1620 1551 1729 1584 Bel-n.

996 1597 1180 1631 carmina.
1226 1600 1306 1633 Bel.
1330 1610 1398 1643 pro
1422 1612 1457 1635 v.
1479 1613 1553 1636 scr.
1573 1605 1727 1639 semina.

994 1653 1075 1687 Rel.
1100 1653 1275 1688 carmina
1299 1664 1417 1689 secus.
1460 1659 1635 1693 Virorum
1658 1662 1727 1694 do-

996 1707 1153 1751 ctor-uni,
1177 1710 1236 1750 qui
1257 1711 1294 1744 in
1324 1712 1391 1752 illo
1413 1721 1539 1747 secum
1561 1716 1726 1749 offende-

991 1765 1095 1805 rent,
1135 1765 1368 1800 coniecturae
1396 1771 1496 1806 sunt:
1532 1771 1725 1814 Tanaquili

990 1817 1117 1853 Fabri:
1268 1863 1272 1866 .

1055 1892 1159 1923 Finxit
1181 1895 1251 1929 (vel
1270 1895 1400 1932 Panxit)
1425 1897 1577 1929 Aristides
1600 1900 1722 1932 milesia

1382 1942 1509 1973 crimina
1527 1946 1651 1977 chartis.

987 1982 1067 2017 Nic.
1090 1985 1244 2021 Heinsii:
1517 1994 1527 2001 ”
1555 1984 1559 1987 ”

1051 2055 1137 2086 Lusit
1153 2059 1303 2090 Aristides
1320 2060 1443 2092 Maesia
1459 2065 1592 2094 carmine
1616 2066 1717 2097 foedo.

984 2125 1012 2156 1.
1036 2125 1270 2162 Brockhusii:
1303 2170 1306 2171 ⁷

1052 2198 1155 2241 vinxit
1175 2201 1326 2235 Aristides
1351 2203 1474 2237 Milesia
1497 2207 1623 2240 crimina
1645 2218 1717 2242 soc·-

1380 2257 1427 2280 co.

986 2292 1194 2328 Burmanni:

1050 2366 1152 2397 Iunxit
1173 2368 1324 2399 Aristides
1348 2370 1470 2402 Milesia
1496 2375 1622 2405 crimina
1643 2383 1715 2406 sce-

1374 2424 1443 2448 uae.

980 2461 1008 2491 Ι.
1033 2461 1249 2495 Schraderi:

1046 2533 1147 2563 Iunxit
1170 2536 1231 2570 (vel
1252 2535 1396 2572 Strinxit)
1421 2537 1572 2569 Aristides
1589 2540 1711 2570 Eilesia

1373 2582 1500 2612 crimina
1517 2584 1654 2620 scriptis.

979 2614 1058 2648 vel:

1042 2689 1144 2718 Iunxit
1159 2691 1212 2720 Ar.
1230 2690 1367 2722 Miletide
1385 2692 1510 2722 crimina
1527 2692 1627 2725 foeda.

977 2738 1166 2792 Me'rkem:

1042 2832 1145 2863 Iunxit
1168 2833 1329 2870 Aristides,
1354 2835 1476 2866 Milesia
1498 2837 1636 2875 crimina,
1653 2847 1705 2870 10-

1349 2888 1450 2911 ‘xum.
