1846 3146
626 167 757 218 Lm.
791 134 880 218 iv,
927 145 1132 219 Eme.
1164 169 1230 219 x.

1579 171 1677 220 421

170 286 435 353 Virgilium
466 287 575 338 vidi
606 294 807 350 tantum3
841 305 935 339 nec
967 307 1127 339 amara
1160 291 1364 341 Tibullo

231 366 448 437 Tempus
479 373 717 421 amicitiae
749 372 851 420 fata
873 371 1068 422 dedere
1102 388 1250 422 meae.

165 449 443 504 Successor
474 454 569 502 fuit
599 453 681 504 hic
713 454 815 514 tibi,
853 453 1016 515 Galle,
1050 455 1337 521 Propertius
1375 455 1481 517 illi3

230 533 440 594 Quartus
473 536 534 585 ab
565 536 642 584 his
673 538 803 585 serie
838 539 1067 602 temporis
1103 539 1209 603 ipse
1242 537 1329 586 fui.

161 615 326 681 thue
359 632 458 682 ego
486 619 708 678 maiores,
743 620 818 667 sic
850 633 926 667 me
962 619 1161 667 coluere
1199 623 1432 681 minores,
1610 623 1676 671 55

226 698 457 764 Notaque
487 716 585 750 non
618 700 759 749 tarde
791 701 925 750 facta
957 700 1137 749 Thalia
1171 718 1276 751 mea
1309 710 1398 751 est.

163 777 389 831 Carmina
421 797 526 832 cum
557 786 756 849 primum
789 784 972 850 populo
1007 784 1243 832 iuvenilia
1279 785 1398 850 legi,

224 863 388 915 Barba
418 871 611 916 resecta
643 866 758 916 mihi
790 867 933 916 bisve
967 867 1185 916 semelve
1219 868 1323 916 fuit.

160 996 215 1030 98.
269 997 385 1030 Natus
418 1001 475 1032 eet
503 999 677 1032 Horatius
711 1007 744 1031 a.
776 1002 817 1033 U.
846 1000 885 1034 C.

159 1053 253 1095 689„
274 1053 318 1085 22
339 1054 443 1086 annis
466 1057 551 1086 ante
566 1055 758 1087 Nasonem.
779 1056 885 1086 Bern.

158 1107 247 1139 dum
276 1107 377 1140 colit.
442 1109 574 1141 Franc.
605 1117 674 1150 pro
704 1118 739 1140 v.
769 1108 904 1141 canit..

157 1161 253 1193 Busl.
275 1170 393 1194 cam
405 1163 488 1195 tuta
509 1165 608 1204 lyra.
652 1163 812 1205 Pirckh.,
824 1162 882 1205 {111

157 1216 220 1247 alii
242 1217 378 1258 Heius„
388 1219 517 1250 Dresd.
534 1229 603 1260 pro
623 1230 658 1252 v.
674 1228 746 1252 scr.
764 1222 801 1250 et
824 1219 878 1251 ed.

155 1272 292 1304 Bonou.
313 1271 445 1304 Aonia.

199 1347 253 1379 51.
288 1347 486 1389 Virgilium
507 1348 760 1382 victitantem.
793 1351 882 1383 Vir-

154 1402 265 1443 gilius
288 1405 394 1436 natus
417 1408 473 1436 est
485 1413 517 1436 a.
529 1407 570 1437 U.
584 1404 623 1437 C.
636 1405 711 1438 684.
724 1408 761 1437 et
782 1414 883 1437 mor-

156 1457 239 1488 tuus
267 1459 325 1489 est
352 1459 449 1500 ⁶735„
490 1467 571 1491 cum
600 1460 748 1492 Ovidius
776 1463 883 1492 natus

155 1514 255 1544 esset
276 1520 391 1544 annos
414 1513 468 1545 24.
521 1514 604 1545 Vid.
626 1518 701 1547 not.
724 1517 769 1547 ad
793 1526 827 1547 v.
850 1518 881 1549 6.

154 1568 193 1600 et
219 1568 336 1609 neyn.
366 1567 444 1599 vita
472 1567 578 1609 Virg.
638 1569 725 1601 Cum
757 1573 878 1602 autem

152 1622 307 1654 Nasonis
336 1622 514 1663 ingenium
546 1627 617 1655 tum
651 1625 714 1656 vix
744 1626 877 1658 florere

153 1676 335 1717 coepisset
357 1681 394 1709 et
416 1679 591 1719 Virgilius
621 1679 688 1709 sub
711 1679 809 1711 vitae
831 1681 876 1712 fi-

152 1737 234 1762 nem
255 1740 329 1764 non
350 1733 386 1764 in
409 1733 506 1765 Urbe
522 1733 671 1764 ‘viveret
693 1735 756 1764 sed
776 1735 876 1765 Nea-

151 1785 244 1827 poli,
265 1787 376 1819 facile
398 1788 628 1829 intelligitur,
661 1797 727 1820 cur
749 1790 875 1830 Virgi-

150 1840 239 1873 lium
266 1843 401 1874 tantum
431 1851 471 1874 se
500 1843 633 1874 vidisse
663 1844 768 1876 dicat.
811 1845 874 1876 'ri-

133 1889 136 1891 '
152 1896 243 1928 huni
263 1897 362 1934 (vid.
373 1900 448 1929 not.
460 1899 505 1930 ad
524 1899 574 1939 11,
590 1897 684 1934 447.)
708 1899 784 1931 dies
806 1908 873 1931 na-

152 1951 257 1993 talis,
285 1960 359 1984 non
394 1953 674 1994 repugnantibus
705 1953 748 1984 iis
779 1953 873 1986 locis

150 2007 212 2047 qui
233 2008 278 2039 de
300 2015 345 2040 eo
367 2009 463 2049 apud
483 2009 664 2041 Naeonem
684 2011 784 2051 sunt,
808 2017 871 2041 ca-

134 2059 203 2093 ‘dit
227 2061 325 2094 inter
354 2070 387 2094 a.
415 2064 457 2095 U.
484 2063 524 2097 C.
548 2064 746 2096 ees—595.
789 2064 871 2096 Vid.

150 2117 273 2156 Spolm
300 2118 451 2150 Dissert.
485 2119 529 2150 de
558 2119 691 2151 Tibulli
718 2119 806 2152 Vita
834 2122 872 2152 et

149 2169 302 2204 camm.
357 2174 454 2215 Lips.
483 2175 604 2217 1819„
634 2176 662 2206 1.
690 2176 732 2206 Η.
761 2175 869 2207 Voss.
896 2208 898 2211 ,

147 2225 269 2258 praef.
291 2228 469 2261 versionis
491 2230 727 2262 Germanicae
737 2230 870 2262 Tibulli

147 2290 183 2322 p.
211 2282 260 2314 V.
285 2276 403 2324 neqqf
444 2285 570 2325 Itaque
601 2293 680 2317 cum
706 2287 870 2316 mortuus

146 2335 196 2367 sit
215 2336 342 2368 eodem
363 2345 480 2380 anno,
516 2348 586 2380 quo
610 2339 801 2380 Virgilius,
827 2341 869 2371 U.

148 2390 189 2423 G.
210 2391 286 2424 ⁷³5.
309 2392 407 2429 (vid.
429 2392 539 2433 corp.
561 2395 676 2426 Poett.
706 2396 786 2427 Lat.
816 2396 868 2427 E-

146 2444 240 2486 pigr.
263 2454 297 2485 p.
320 2446 396 2478 241.
418 2455 515 2489 seqq.
538 2451 575 2481 et
598 2451 693 2481 conf.
714 2451 869 2491 interpp.

146 2498 194 2529 ad
214 2498 330 2531 Ovidii
342 2502 463 2534 Amor.
487 2504 553 2547 Ill,
577 2504 642 2545 9.),
663 2507 700 2537 et
715 2506 870 2538 matura

143 2554 266 2585 morte
287 2556 419 2598 periit,
447 2560 484 2589 et
514 2559 652 2591 Nasoni
673 2562 788 2593 adhuc
811 2561 869 2592 iu-

143 2609 230 2640 veni
258 2609 432 2642 interiore
460 2619 505 2643 ac
533 2613 759 2647 diuturniore
791 2617 868 2647 eius

145 2665 401 2696 consuetudine
424 2666 561 2705 perfrui
582 2676 655 2701 non
675 2671 788 2703 licuit.

185 2717 346 2760 Amara,
372 2721 465 2760 quod
486 2722 622 2761 primus
648 2725 744 2757 dedit
772 2727 866 2758 Bur-

144 2767 308 2815 munus,
330 2775 404 2806 Pal.
428 2774 475 2817 1.,
496 2776 600 2819 Reg.,
622 2780 733 2822 Gall„
756 2783 865 2824 Mor„

146 2825 259 2868 nuel„
279 2828 437 2872 Pirckb.,
458 2831 582 2874 Leid.,
604 2835 641 2867 V
663 2836 728 2869 alii
745 2838 863 2870 Heius.

952 1001 1074 1042 Goth„
1101 1001 1234 1042 Berol.,
1256 1001 1379 1043 Crev„
1397 1001 1530 1036 Franc.
1548 1012 1616 1045 pro
1639 1014 1674 1037 v.

949 1062 1021 1086 scr.
1034 1058 1071 1086 et
1090 1056 1145 1086 ed.
1156 1057 1291 1089 Bonon.
1336 1058 1478 1099 Reliqui
1492 1058 1621 1100 scripti
1638 1063 1676 1091 et

950 1109 1035 1140 editi
1058 1117 1192 1141 avara.
1224 1112 1306 1143 Non
1320 1113 1424 1144 male.
1457 1113 1591 1158 Aean-„a
1606 1115 1674 1157 fa-

950 1161 1002 1202 ta,
1024 1163 1057 1194 h.
1088 1171 1120 1195 e.
1149 1172 1242 1205 quae
1274 1166 1481 1208 largiorem
1510 1168 1543 1200 ei
1572 1168 1674 1201 vitae

943 1216 1114 1258 fructum
1134 1222 1319 1259 negarent
1345 1221 1423 1254 sive
1450 1222 1673 1257 inviderent.

946 1273 1065 1304 Berol.
1088 1273 1235 1306 tantum
1256 1275 1343 1308 cidi.

991 1333 1045 1364 53.
1078 1332 1198 1366 Galle.
1251 1337 1331 1369 Vid.
1354 1341 1428 1373 not.
1450 1340 1496 1371 ad
1524 1341 1574 1381 11,
1595 1340 1672 1372 446.

947 1386 1020 1418 Hic
1047 1390 1083 1419 et
1110 1387 1170 1419 ius·
1201 1391 1247 1422 ad
1277 1393 1428 1425 eundem
1460 1395 1673 1426 referuntur

948 1442 1138 1474 Tibullum.
1189 1445 1327 1478 Primus
1357 1448 1545 1489 elegorum
1576 1449 1672 1481 scri-

948 1499 1033 1542 ptor
1061 1499 1190 1532 Gallus
1219 1501 1301 1541 fuit,
1321 1510 1436 1542 >quem
1461 1505 1588 1535 ordine
1609 1512 1671 1535 se—

949 1555 1053 1585 cutus
1083 1558 1139 1586 est
1167 1556 1350 1599 Tibullus,
1388 1558 1487 1590 cuius
1515 1560 1673 1591 amicitia

942 1608 1012 1648 ipsi
1032 1613 1187 1650 propter
1215 1615 1390 1644 maturam
1419 1614 1495 1645 eius
1518 1616 1670 1646 mortem

942 1663 1015 1694 frui
1047 1672 1119 1696 non
1152 1665 1276 1707 licuit,
1310 1667 1403 1700 bunc
1431 1671 1578 1701 secutus
1613 1673 1670 1702 est

941 1717 1153 1757 Propertius
1180 1720 1337 1752 Nasonis
1368 1723 1527 1766 sodalis,
1558 1733 1670 1766 quar-

943 1772 1001 1801 tus
1023 1771 1069 1802 ab
1092 1772 1146 1803 his
1167 1774 1263 1806 serie
1286 1777 1458 1817 temporis
1469 1778 1547 1819 ipse
1556 1780 1668 1813 Naso.

942 1841 985 1847 —-
1015 1826 1124 1858 Klein
1150 1827 1211 1861 laic
1240 1832 1278 1862 et
1305 1829 1364 1862 illi
1386 1833 1480 1864 male
1508 1835 1555 1865 ad
1574 1835 1667 1867 Gal-

939 1879 1013 1912 lum
1034 1883 1160 1915 refert.
1213 1885 1303 1917 Exc.
1330 1887 1439 1918 Voss.
1471 1896 1507 1919 v.
1535 1888 1592 1920 54.
1620 1888 1667 1920 ab

939 1933 1020 1966 hac.
1066 1937 1173 1970 Goth.
1203 1946 1468 1983 successorque
1486 1941 1565 1983 fuit
1587 1941 1665 1975 tibi.

937 1990 1013 2021 Pal.
1037 1991 1066 2023 1.
1089 1992 1157 2024 sub
1178 1994 1288 2027 serie.
1333 1984 1340 1985 ἶ

981 2063 1035 2093 55.
1067 2061 1250 2104 Maiores,
1278 2074 1330 2097 sc.
1363 2070 1451 2099 natu
1482 2070 1563 2102 sive
1598 2080 1665 2104 ae·-

937 2118 1023 2148 tate.
1082 2117 1186 2150 conf.
1216 2121 1276 2161 11,
1306 2121 1379 2153 119.
1408 2140 1454 2146 —
1488 2126 1593 2159 Rern.
1621 2129 1667 2160 ut

936 2178 1079 2213 quoque
1101 2172 1276 2206 maiores.

980 2238 1034 2270 56.
1073 2237 1222 2279 Thalia,
1245 2248 1318 2272 una
1335 2249 1357 2273 e
1374 2243 1425 2274 IX
1438 2245 1553 2276 Musis
1573 2246 1663 2286 (vid.

935 2295 1009 2324 not.
1031 2294 1078 2324 ad
1100 2294 1150 2335 11,
1180 2295 1272 2337 130,
1304 2305 1395 2337 quae
1423 2300 1573 2339 proprie
1595 2310 1662 2334 co-

935 2348 1098 2379 moediae
1119 2354 1277 2388 praeest.
1305 2353 1441 2384 Auson.
1465 2355 1573 2394 ldyll.
1596 2357 1662 2389 ult.

1001 2404 1122 2446 comica
1147 2406 1263 2434 lascivo
1289 2409 1402 2443 gaudet
1426 2417 1564 2439 sermone
1582 2413 1662 2441 ’Πιε-

1327 2452 1379 2479 lia.

934 2500 1025 2532 Nam
1053 2503 1181 2534 Musae
1209 2512 1312 2535 suum
1342 2512 1505 2546 quaeque
1526 2508 1661 2541 habent

934 2563 1059 2587 munus
1082 2560 1120 2589 et
1141 2560 1270 2599 artem,
1286 2560 1343 2591 cui
1366 2564 1551 2601 praesunt.
1585 2564 1659 2596 Sed

933 2616 978 2640 ea
1000 2619 1150 2643 munera
1171 2620 1194 2644 a
1223 2614 1341 2653 poetis
1370 2624 1482 2657 saepe
1505 2619 1660 2650 confun-

934 2665 1077 2697 duntur.
1120 2667 1202 2698 Vid.
1215 2670 1267 2710 11,
1289 2671 1365 2703 568.
1407 2673 1498 2704 Hinc
1521 2675 1559 2704 et
1580 2674 1612 2704 h.
1634 2674 1660 2705 l.

939 2719 1076 2751 Thalia
1103 2730 1169 2761 pro
1193 2725 1309 2756 Musa.
1358 2726 1442 2759 Vid.
1467 2729 1552 2760 Her.
1575 2729 1659 2770 XV,

932 2775 987 2807 84.
1030 2777 1073 2807 In
1093 2777 1194 2809 Leid.
1218 2780 1275 2810 est
1295 2781 1463 2814 omissum
1487 2786 1552 2815 est.

974 2841 1027 2873 57.
1059 2842 1256 2877 Iuvenilia.
1300 2847 1378 2879 Pol.
1403 2849 1433 2880 1.
1457 2852 1495 2881 et
1516 2850 1603 2884 vat.
1626 2853 1655 2884 l.
