1846 3146
195 152 295 215 1221

436 163 494 215 P.
532 161 757 214 OVIDH
789 157 1107 211 NASONIS
1141 155 1489 208 TRISTIUM

197 284 400 350 Quaque
432 299 522 351 per
555 288 787 349 angustas
820 264 998 334 vectae
1030 281 1157 331 male
1189 281 1403 345 virginis·
1433 277 1594 328 undas

263 367 448 418 Seston
468 366 730 433 Abydena
762 371 958 432 separat
989 364 1110 414 urbe
1143 364 1335 423 fretum,
1383 363 1385 365 ’

195 450 421 516 Hincque
455 450 798 516 Propontiacis
833 448 1111 497 haerentem
1146 444 1372 512 Cyzicon
1406 444 1523 503 oriS,

234 532 508 600 Cyzicon,
544 533 843 583 Haemoniae
877 530 1043 580 nobile
1078 531 1239 595 gentis
1271 529 1413 594 Opim,

197 683 365 725 exempla
394 691 440 716 ex
472 683 600 718 Ovidio
637 682 854 717 contulimus
882 681 927 713 ad

199 738 283 770 Iler.
308 738 375 780 VI,
401 738 453 770 31.
498 739 581 772 Vid.
610 737 717 770 indic.
751 736 859 769 'ri-ist.
891 734 926 767 in

196 802 233 825 v.
254 792 414 832 syllaba.
438 810 482 815 —
514 791 720 825 Dardania
761 792 928 833 oppidum

198 850 255 880 est
295 849 342 880 ad
378 848 652 889 Hellespontum
696 847 734 880 in
778 846 930 888 regione

198 903 300 935 huius
346 903 522 944 nominis,
578 910 690 943 supra
737 901 928 934 Troadem.

198 959 289 992 Plin.
320 960 361 991 Η.
389 960 434 992 Ν.
465 960 511 992 V.
546 967 576 991 c.
614 959 667 990 30.
702 957 931 989 Dardanum

199 1015 433 1055 appellatum.
478 1015 580 1048 Mela
602 1016 629 1055 Ι.
655 1021 685 1046 c.
711 1013 780 1055 18„
810 1011 931 1044 Strab.

199 1072 294 1103 XIII.
318 1080 351 1111 p.
376 1071 452 1103 409.
478 1086 518 1091 —
542 1067 647 1111 Quod
669 1070 714 1101 ad
742 1068 808 1100 illa
832 1066 930 1098 auct.

199 1133 334 1157 nomen
363 1125 566 1166 habentem,
599 1123 788 1156 confundit
808 1123 931 1154 scien-

204 1184 261 1213 ter
292 1184 455 1214 veterem
487 1181 586 1212 illam
627 1178 870 1211 Dardaniam
909 1185 932 1210 a

201 1236 373 1267 Dardano
407 1235 586 1267 conditam
617 1234 756 1271 (Strab.
779 1235 875 1266 xm.
899 1243 931 1274 p.

200 1289 301 1332 4⁰7„
324 1291 426 1322 Hom.
456 1290 499 1321 11.
529 1290 609 1331 XX,
639 1289 715 1321 215.
747 1289 833 1321 coll.
857 1289 932 1319 not.

200 1346 245 1376 ad
276 1346 337 1377 Tr.
368 1346 432 1387 III,
461 1348 496 1387 5,
527 1345 599 1381 38.)
625 1346 662 1376 et
691 1343 934 1376 recentiorem

202 1401 328 1432 urbem
358 1402 458 1439 (vid.
493 1401 613 1432 Strab.
649 1409 683 1441 p.
706 1399 816 1439 4090,
840 1397 935 1429 unde

204 1454 310 1487 hodie
334 1453 394 1487 die
415 1454 680 1487 Dardanellen
704 1453 834 1486 dictae.

246 1531 300 1564 26.
333 1531 569 1573 Lampsacus
604 1532 691 1565 urbs
715 1530 860 1572 Mysiae
889 1530 936 1562 ad

203 1586 479 1628 Hellespontum
491 1587 609 1626 (Mela
619 1588 663 1619 Π.
680 1594 711 1619 c.
725 1586 779 1618 19.
782 1608 796 1628 ,
812 1585 934 1619 strab.

202 1642 299 1674 XIII.
329 1651 363 1683 p.
386 1643 497 1686 4050,
531 1643 592 1675 ubi
622 1642 797 1684 Priapus,

203 1698 377 1741 Veneris,
413 1699 502 1731 deus
537 1699 726 1730 hortorum
758 1700 795 1730 et-
826 1697 937 1739 ruris,

203 1755 308 1785 natus
339 1756 420 1786 erat
453 1756 490 1786 et
524 1754 697 1798 imprimis
733 1754 935 1786 colebatur.

203 1808 304 1840 Fast.
340 1810 384 1851 1,
428 1809 504 1841 391.
538 1817 635 1850 seqq.
670 1809 787 1851 ibique
822 1808 936 1850 Gier„

204 1862 311 1894 Voss.
336 1865 382 1895 ad
405 1865 509 1906 Virg.
534 1865 577 1897 G.
600 1865 667 1906 IV,
692 1864 766 1896 111.
773 1885 787 1906 ,
822 1862 937 1895 Heiu-

207 1918 303 1950 dorf.
327 1920 373 1951 ad
387 1921 485 1952 Hor.
508 1920 584 1951 Sat.
606 1921 638 1961 Ι,
661 1920 697 1961 8,
721 1920 753 1951 2.
774 1919 938 1959 -Μοι-.,

206 1975 245 2006 et
266 1975 319 2007 IV
341 1975 405 2007 alii
426 1974 557 2015 Heius.
573 1975 609 2007 et
632 1975 717 2016 seg.
731 1972 836 2006 culta
859 1973 938 2005 deo.

252 2064 305 2096 27.
330 2063 495 2106 Quaque.
525 2062 673 2105 „Atque
691 2070 773 2095 eam
787 2060 939 2103 partem

209 2119 358 2161 (petit),
387 2126 464 2161 qua
492 2119 638 2162 fretum
667 2118 837 2160 (uelles,
868 2124 938 2158 pro

208 2183 280 2215 qua
304 2183 378 2215 per*
393 2175 643 2216 periphrasin)
673 2173 811 2214 male,
842 2172 875 2204 h.
906 2178 938 2202 e.

209 2229 430 2279 infeliciter,
453 2230 617 2262 vectae
638 2225 846 2269 viryinis
866 2233 939 2267 per

211 2284 335 2316 undas
358 2287 540 2326 anqustas
561 2285 695 2318 seston
723 2282 854 2315 urbem
878 2289 939 2313 se-

207 2340 329 2380 parat
351 2339 398 2383 ab
421 2340 591 2383 Abydo.“
640 2340 745 2375 Conf.
768 2348 803 2370 v.
827 2335 881 2369 31.
904 2329 956 2368 et‘

210 2398 259 2438 Π,
284 2397 359 2428 373.
379 2413 425 2420 —-·
442 2398 522 2431 Per
543 2396 736 2438 unqu-etas.
787 2393 877 2425 Plin.
899 2392 942 2423 Η.

211 2454 255 2486 Ν.
268 2454 329 2485 IV.
343 2461 373 2485 c.
386 2454 418 2486 9.
464 2439 730 2492 Ηεὶίεερυητηέ
755 2448 838 2481 VII
859 2448 943 2479 sta-

212 2507 286 2540 diis
309 2507 508 2548 Europam
531 2507 577 2539 ab
590 2505 683 2538 Asia
698 2502 868 2536 dividens
884 2501 947 2533 IV

212 2562 295 2595 illic
316 2563 417 2596 inter
439 2571 479 2594 se
502 2560 724 2594 contrarias
735 2559 848 2592 urbes
871 2558 943 2589 ha-

214 2617 296 2650 bet.-
327 2617 367 2649 in
391 2618 554 2658 Europa
577 2615 783 2657 Callipolin
819 2614 856 2646 et
876 2613 948 2645 Se-

214 2674 311 2716 ston,
335 2672 375 2704 in
398 2672 492 2705 Asia
513 2673 768 2713 Lampsacum
791 2670 826 2701 et
846 2668 950 2708 Aby-

216 2728 302 2760 don.
349 2728 481 2760 Sextus
504 2728 541 2759 et
556 2727 712 2767 Abydon
725 2724 863 2758 infelici
875 2725 950 2755 Be-

216 2792 280 2815 rus
304 2786 341 2816 et
363 2783 522 2816 Leandri
545 2790 668 2814 amore
686 2783 810 2814 clarae
830 2780 950 2812 urbes.

216 2840 299 2872 vid.
333 2841 380 2872 ad
414 2841 491 2881 111,
539 2838 606 2880 10,
653 2837 705 2871 41.
740 2854 783 2860 —
818 2837 951 2869 Franc.

843 1642 937 1674 filius
950 1681 961 1686 -

1652 523 1720 573 30

994 687 1189 724 quamque.
1236 681 1365 720 Serv.,
1396 677 1521 710 Hamb.
1544 677 1582 708 et
1602 674 1724 707 Berol.

995 745 1017 768 a
1042 736 1072 768 1.
1095 744 1141 767 m.
1164 735 1401 776 quodque.—
1415 733 1492 765 Pal.
1505 731 1550 774 1.,
1564 730 1726 771 Pirckh.,

996 792 1104 825 Goth.
1112 812 1127 833 ,
1172 790 1289 831 Leid.,
1334 790 1427 830 1un.,
1471 788 1567 828 Put.‚
1612 785 1725 826 Gall„

996 848 1108 888 Mor„
1133 846 1254 886 serv„
1278 843 1374 875 Busl.
1394 845 1432 874 et
1443 843 1492 874 XI
1511 841 1573 873 alii
1589 838 1726 880 Heius„

997 902 1130 942 Rem,
1163 901 1248 941 Seg.
1280 901 1317 931 et
1353 900 1444 930 vett.
1482 898 1560 929 edd.
1585 894 1726 933 <vectae

997 957 1108 988 male.
1152 954 1297 995 Reliqui
1326 953 1427 985 male
1457 953 1599 985 vectae.
1644 951 1726 984 Bel.

998 1021 1066 1053 pro
1090 1022 1125 1044 v.
1148 1019 1221 1043 scr.
1243 1009 1403 1051 ignotas.

1043 1079 1097 1111 29.
1131 1077 1314 1118 Hincque.
1358 1073 1489 1109 Dresd.
1513 1069 1727 1105 etIIHeins.

998 1133 1095 1166 inde.
1140 1134 1218 1165 Pol.
1238 1132 1284 1174 1.,
1306 1130 1454 1172 vat.1.,
1476 1130 1511 1160 11
1525 1127 1645 1159 Heius.
1667 1123 1729 1156 in-

998 1197 1079 1231 que.
1131 1189 1228 1222 Gall.
1258 1186 1319 1219 hic
1345 1192 1459 1227 prop.
1514 1183 1621 1215 Serv.
1643 1177 1729 1210 hinc

995 1251 1110 1285 prop.

1045 1306 1204 1348 cyzicus
1236 1305 1438 1340 clarissima
1471 1304 1558 1337 urbs
1587 1300 1731 1342 Mysiae

1001 1364 1036 1396 in
1068 1364 1153 1404 ipsis
1183 1362 1413 1404 Propontidis
1437 1360 1540 1401 oris,
1571 1364 1662 1399 quae
1685 1356 1730 1387 ab

1001 1420 1126 1452 Aeneo
1155 1419 1331 1451 Thessalo
1369 1417 1470 1455 (hinc
1502 1410 1732 1446 Haemoniae

1000 1473 1133 1516 yentis.
1185 1474 1268 1506 Vid.
1297 1473 1342 1504 ad
1371 1472 1443 1512 111,
1473 1469 1512 1501 11
1522 1491 1536 1511 ,
1566 1469 1639 1505 28.)
1668 1467 1732 1500 vel

1002 1530 1079 1563 filio
1105 1529 1182 1561 eius
1205 1526 1361 1569 cyzico,
1394 1524 1513 1566 ductis
1533 1532 1554 1556 e
1576 1524 1733 1556 Thessa-

1002 1586 1055 1618 lia
1087 1584 1256 1627 colonis,
1298 1581 1446 1615 condita
1477 1586 1558 1611 esse
1591 1577 1732 1609 dicitur.

1002 1640 1093 1673 Plin.
1117 1641 1160 1672 11.
1183 1639 1228 1672 N.
1250 1638 1296 1671 V.
1319 1645 1351 1670 c.
1374 1635 1427 1669 32.
1480 1634 1586 1674 conf.
1611 1631 1732 1665 Strab.

1003 1697 1072 1728 ΧΠ
1094 1705 1127 1737 p.
1152 1693 1252 1735 396„
1275 1691 1376 1724 Mela
1397 1692 1426 1723 Ι.
1448 1698 1480 1723 c.
1504 1690 1558 1722 19.

1053 1760 1280 1792 Haerentem
1301 1759 1400 1801 sunt,
1429 1757 1488 1800 qui
1511 1757 1558 1789 ad
1580 1751 1734 1787 declivi-

1005 1817 1118 1850 tatem
1141 1814 1241 1855 urbis
1254 1814 1437 1854 referant3
1460 1819 1543 1844 nam
1555 1809 1735 1851 potiorem

1005 1873 1106 1906 urbis
1130 1873 1271 1913 partem
1293 1867 1333 1900 in
1358 1866 1506 1900 cerm'ce
1532 1873 1652 1907 paene
1672 1862 1734 1895 in-

1003 1929 1114 1960 sulae
1143 1926 1275 1958 sedere
1303 1923 1416 1956 tradit
1443 1922 1544 1955 Mela
1572 1921 1600 1952 1.
1625 1928 1656 1953 c.
1681 1918 1735 1951 19.

1005 1981 1089 2015 val.
1114 1981 1238 2013 Flacc-
1260 1981 1310 2022 11,
1333 1979 1410 2011 636.

1069 2055 1134 2084 Nec
1156 2054 1262 2091 procul
1285 2053 1324 2082 ad
1349 2051 1448 2081 tenuis
1477 2048 1575 2084 surgit
1607 2046 1736 2076 confinia

1425 2095 1488 2124 onii

1072 2144 1151 2174 Urbs
1169 2143 1297 2180 placidis
1315 2104 1447 2171 demis’sa
1464 2139 1562 2176 iugis,
1585 2144 1640 2166 rex
1657 2134 1738 2164 divi—

1074 2221 1203 2258 Cyzicus
1221 2233 1255 2239 --
1271 2233 1304 2239 —
1403 2187 1443 2213 m
1461 2191 1542 2221 'gn'

1008 2282 1081 2314 Sed
1101 2278 1179 2322 'ego
1208 2287 1283 2311 non
1312 2279 1383 2310 tam
1413 2276 1458 2307 de
1491 2273 1564 2306 situ
1599 2271 1674 2304 eius
1703 2270 1739 2304 in

1008 2337 1136 2378 supino
1159 2336 1245 2376 iugo
1269 2339 1384 2375 prope
1406 2337 1522 2372 mare,
1543 2337 1671 2362 verum
1694 2329 1738 2360 de

1009 2393 1083 2425 situ
1105 2392 1240 2432 eiuslin
1263 2390 1342 2430 ipso
1365 2387 1456 2419 mari
1470 2385 1739 2426 intelligendum

1011 2450 1149 2490 putem:
1174 2455 1278 2487 quum
1291 2441 1506 2485 praesertim
1529 2449 1602 2473 nou
1621 2447 1742 2481 paone

1012 2502 1140 2535 insula
1161 2502 1224 2543 sit,
1259 2501 1299 2531 ut
1322 2497 1434 2530 tradit
1455 2496 1569 2537 Mela,
1597 2496 1663 2537 sed
1684 2495 1741 2527 in-

1012 2557 1095 2589 sula
1118 2556 1258 2594 (Strab.
1279 2555 1305 2587 1.
1335 2554 1379 2590 1.)
1409 2552 1546 2584 duobus
1574 2549 1742 2590 pontibus

1016 2618 1142 2648 terrae
1172 2608 1375 2644 continenti
1402 2608 1541 2639 iuncta:
1579 2607 1620 2636 ut
1654 2604 1744 2636 mari

1018 2663 1382 2710 praeter-vehentibus
1405 2664 1529 2696 terrae
1554 2659 1629 2691 oris
1652 2658 1745 2689 hae-

1018 2732 1107 2755 rere
1135 2722 1335 2755 videretur.

1020 2777 1166 2811 tentiam
1192 2774 1382 2807 confirmat
1402 2772 1463 2804 Tr.
1493 2771 1543 2812 II,
1571 2770 1647 2802 200.
1680 2768 1746 2801 ‘De

1021 2831 1244 2874 Propontide
1269 2829 1340 2862 vid.
1362 2828 1407 2860 ad
1431 2827 1498 2868 III,
1521 2825 1578 2867 12,
1600 2823 1653 2858 41.

1402 2718 1520 2757 Atque
1553 2722 1632 2745 eam
1658 2720 1744 2744 sen·
1797 2702 1810 2713 “
