1846 3146
182 159 254 207 24*

427 154 484 202 P.
521 147 743 202 0V1D11
776 139 1091 195 NASONIS
1125 133 1467 186 TRISTIUM

185 279 298 329 Nec
332 276 502 326 titulus
535 274 698 331 minio,
734 283 837 317 nec·
861 265 1012 315 cedro
1047 261 1214 311 charta
1248 261 1456 313 notetur,

253 358 480 410 Candida
512 372 605 415 nec
638 357 779 418 nigra
812 364 992 400 cornua
1025 346 1186 393 fronte
1221 356 1379 405 geras.

188 495 338 529 Lucian.
361 494 386 525 1.
409 493 434 524 l.
458 492 568 525 Cuius
592 486 775 521 involucri
789 486 914 517 extre-

189 558 269 582 mae
290 548 385 590 parti
394 548 473 579 sive
488 554 577 579 orae
588 544 699 576 affixa
709 542 790 573 erat
799 546 917 581 parva

190 605 377 645 schedula,
397 601 513 633 minio
546 602 598 638 (v.
621 600 670 635 7.)
694 597 783 630 Plin.
806 596 850 628 N.
874 595 916 625 H.

137 680 139 683 .
190 661 317 692 XXIII.
334 668 365 691 c.
381 660 434 691 36.
445 666 540 698 seqq.
549 660 612 688 aut
622 654 783 687 coceimo
798 651 919 682 aliove

194 716 321 747 colore
345 716 490 754 ornata,
513 712 550 743 in
571 708 642 751 ilua
663 708 819 747 scriptus
840 706 921 735 erat

193 772 277 803 libri
297 769 430 801 titulus
442 768 571 807 (v.7.),
593 772 683 806 quae
697 766 815 796 tamen
826 768 920 792 non-

194 833 373 865 nunquam
383 824 434 855 ita
442 822 649 863 aptabatur,
658 822 696 851 ut
704 827 750 850 ex
759 813 922 848 inferiori

195 882 280 914 libri
305 881 428 911 fronte
449 865 670 918 dependeret
689 876 751 905 aut
763 874 863 904 certe
878 878 923 903 ex

199 947 245 970 ea
268 938 440 970 exstaret.
464 933 567 964 Pont.
591 932 659 971 IV,
680 928 736 970 13,
750 929 797 970 7.,
819 929 923 959 Mar-

199 995 276 1027 tial.
300 993 366 1033 ΙΙΙ,
390 992 426 1032 2,
462 988 531 1029 10.,
562 983 692 1018 Tibull.
726 984 792 1025 ΙΙΙ,
826 982 860 1023 1,
893 982 925 1013 9.

202 1050 322 1091 ibique
346 1047 517 1086 interpp.,
550 1045 587 1074 et
610 1039 780 1081 imprimis
817 1036 927 1070 Win-

200 1105 310 1136 kelm.
336 1103 380 1133 ad
396 1096 515 1132 Biane.
534 1098 623 1138 Opp.
644 1095 728 1128 Vol.
751 1095 794 1125 ΙΙ.
806 1103 839 1133 p.
851 1091 928 1123 233.

201 1167 301 1200 seqq.
346 1158 458 1189 Totus
483 1153 633 1192 denique
664 1149 782 1190 liber,
815 1155 884 1187 quo
907 1152 930 1176 a

203 1215 309 1248 tineis
332 1215 370 1245 et
392 1210 491 1243 carie
514 1208 626 1240 tutior
644 1207 756 1246 esset,
777 1200 931 1234 cedrino

205 1274 258 1309 (v.
281 1271 331 1306 7.)
363 1264 644 1308 perungebatur.
690 1261 778 1293 Plin.
812 1260 856 1291 N.
889 1258 931 1288 Η.

205 1328 301 1360 ΧΙΙΙ.
336 1333 367 1356 c.
407 1321 459 1352 13.
493 1319 576 1359 ibiq.
612 1317 739 1356 nard„
772 1313 934 1346 Martial.

206 1384 273 1423 ΙΙΙ,
286 1381 333 1422 ’2,
356 1380 404 1419 7.,
427 1376 571 1408 Vitruv.
587 1376 632 1405 11.
647 1381 678 1404 c.
699 1372 746 1411 9.,
768 1370 935 1402 Dioscor.

175 1449 179 1452 ’
208 1440 236 1470 Ι.
262 1446 292 1469 ο.
316 1435 371 1467 89.
406 1425 509 1474 Quod
525 1438 630 1470 quum
640 1435 714 1458 non
726 1425 805 1457 sine
819 1426 937 1456 sumtu

210 1492 322 1531 esset,
355 1496 424 1529 pro
447 1483 625 1526 singulari
645 1482 731 1515 libri
753 1487 938 1512 commen-

163 1535 168 1542 *
212 1546 356 1579 datione
379 1546 488 1583 atque
511 1538 724 1572 ornamento
747 1537 839 1567 erat.
850 1536 939 1567 Hor.

212 1605 256 1636 A.
264 1604 302 1634 P.
313 1611 349 1632 v.
363 1599 438 1631 332.
449 1597 557 1630 Trist.
567 1596 634 1636 ΠΙ,
644 1593 678 1635 1,
690 1593 742 1625 13.
766 1595 820 1626 De
831 1600 943 1625 orna-

213 1656 341 1689 mentis
348 1655 526 1686 librorum
534 1651 760 1692 disputarunt
769 1650 945 1682 Schwar-

215 1713 292 1745 zius
325 1711 363 1742 in
395 1707 573 1749 singulari
603 1705 699 1737 libro
723 1704 768 1735 de
793 1701 946 1734 Ornmm.

216 1766 334 1807 Isibb„
355 1765 509 1797 Vossius
542 1762 587 1792 ad
621 1750 753 1793 c'atull.
775 1768 809 1800 p.
834 1758 888 1790 51.
912 1758 950 1789 et

218 1827 380 1862 lutei-pp.
404 1821 450 1851 ad
473 1817 604 1851 Tibull.
628 1817 694 1856 111,
720 1814 750 1845 1.

271 1907 465 1945 Vac‘cinia.
511 1908 566 1939 De
606 1901 773 1936 vaccinio
807 1900 953 1932 diversa

223 1967 452 2003 tradiderunt
484 1961 552 2002 ipsi
584 1962 756 1998 veteres,
788 1955 953 1987 nimirum

225 2026 331 2058 varia
352 2018 520 2054 vaccinia
544 2016 590 2047 ob
618 2013 746 2046 oculos
770 2011 953 2042 habentes.

228 2080 311 2112 Vid.
333 2079 438 2109 Serv.
457 2075 501 2104 ad
514 2072 616 2110 virg.
632 2068 712 2101 Ecl.
734 2067 783 2107 11,
808 2066 864 2106 18,
886 2064 954 2095 ibi-

228 2143 296 2177 que
319 2135 356 2166 et
377 2132 423 2166 ad
445 2130 512 2170 111,
537 2127 612 2159 106.
639 2125 749 2156 Voss.
773 2123 811 2152 et
837 2121 955 2159 Heyn.

229 2192 319 2226 Plin.
342 2190 387 2222 N.
410 2188 453 2219 Η.
478 2183 574 2216 XVI.
599 2188 630 2211 c.
655 2179 708 2211 18.
726 2175 780 2208 21.
796 2174 848 2207 31.
873 2173 957 2206 sal-

230 2255 319 2279 mas.
342 2237 658 2277 Exercitatm‘lin.
675 2244 708 2275 p.
722 2233 800 2264 865.
822 2231 970 2272 Funcc.4

233 2305 277 2334 de
289 2300 438 2339 Scripta.
454 2298 543 2327 vett.
555 2304 589 2334 p.
611 2291 685 2323 133.
717 2290 854 2320 Nostro
874 2286 960 2317 loco

233 2360 352 2390 lumen
389 2352 497 2386 affert
538 2349 684 2381 vitruv.
716 2345 797 2375 vn.
833 2350 863 2373 c.
897 2340 961 2371 ult.

242 2408 410 2445 Vae-circii
421 2408 536 2450 flores
548 2404 598 2435 ad
616 2401 737 2443 iynem
761 2405 845 2428 cnm
864 2402 964 2436 aqua

238 2463 489 2508 temperantes
512 2460 549 2492 et
570 2460 632 2490 lac
651 2453 848 2487 miscentes
865 2458 964 2491 pur-

235 2530 375 2567 puram
395 2517 547 2563 faciunt
568 2511 782 2555 ezeyantem.

247 2651 250 2653 .
289 2623 403 2656 Falco.
448 2618 526 2651 Pol.
553 2616 598 2655 1.‚
633 2614 717 2645 vat.
742 2610 789 2652 1.,
821 2608 897 2641 Pal.
920 2606 968 2646 2.,

239 2681 388 2719 namn,
412 2674 549 2713 Guelf.‚
571 2670 659 2701 vm
681 2666 818 2705 Heius,
840 2660 977 2695 Dresdss

243 2746 310 2778 pro
346 2744 382 2766 v.
406 2743 433 2763 s.
468 2719 504 2760 et
529 2727 583 2758 ed.
607 2727 694 2756 Bon.
716 2721 818 2764 fuco.
862 2718 971 2756 Segu.

245 2798 281 2824 et
315 2792 421 2825 Cre-v,
455 2792 556 2815 sucu.
591 2777 730 2818 Reliqui
764 2783 843 2806 cum
874 2771 973 2810 vulg.

244 2854 369 2879 succo.
417 2842 489 2874 Sed
511 2838 601 2880 suco
625 2837 662 2866 et
686 2831 835 2874 gravius
861 2829 915 2858 est
938 2827 976 2857 et

981 477 1198 520 elegantius,
1221 475 1304 516 quia
1325 475 1420 506 liber
1442 479 1465 503 a
1487 471 1597 510 poeta
1618 468 1652 499 h.
1681 467 1718 506 1.,

982 541 1139 575 persona
1161 531 1329 572 fingitur,
1361 531 1453 568 quae
1473 525 1564 567 fuco
1584 521 1710 554 velari

982 589 1119 622 rectius
1135 586 1279 626 dicitur,
1300 592 1404 625 quam
1414 589 1537 614 succo.
1567 577 1709 618 Valent,

984 644 1185 677 involvant.
1198 644 1309 674 Mart.
1324 641 1391 680 ΙΙΙ,
1399 639 1435 679 2,
1445 637 1497 668 10.
1511 635 1563 666 Et
1572 634 1711 673 tepur-

983 708 1086 741 pura
1099 698 1264 731 delicata
1279 694 1386 727 velet.
1411 691 1541 724 Tibull.
1552 690 1619 730 ΙΠ,
1629 687 1664 728 1,
1679 686 1711 718 9.

1054 774 1148 801 Lutea
1167 772 1220 800 sed
1243 770 1363 799 niveum
1386 766 1521 795 involvat
1543 762 1713 790 membrana

1382 808 1527 851 libellum.

1035 889 1184 921 Lucian.
1212 888 1253 919 ll.
1275 884 1316 916 11.
1346 875 1467 924 ὅμοιοι
1493 879 1570 915 τοῖς
1597 873 1716 909 καλλί-

992 952 1089 980 στοις
1117 928 1285 986 βιβλῖοις,
1322 928 1375 970 ὦν
1401 932 1525 978 χρυσοὶ
1560 929 1626 976 μὲν
1656 927 1718 973 ὀμ-

994 993 1108 1040 φαλοὶ
1136 991 1310 1037 πορφυρᾶ
1345 987 1383 1024 δ’
1413 986 1587 1023 ἔκτοσθε-ν
1615 983 1639 1031 ἡ
1670 986 1720 1020 δι-

995 1048 1141 1096 φθέρα,
1165 1055 1203 1083 et
1225 1058 1351 1082 rursus
1374 1044 1514 1091 βιβλίον
1536 1041 1723 1086 πάγκαλον

997 1104 1192 1150 πορφυρᾶν
1219 1100 1285 1146 μὲν
1319 1100 1399 1146 ἔχον
1427 1098 1497 1144 τὴν
1527 1094 1722 1142 διφθέραν,

997 1159 1155 1205 χρυσοῦν
1178 1155 1217 1193 δὲ
1239 1156 1305 1192 τὸν
1327 1153 1508 1200 ὀμφαλόν.

1045 1253 1077 1283 6.
1101 1249 1302 1281 Illecolor.
1326 1248 1498 1291 Fr.Rey.,
1507 1243 1727 1281 Exc.Voss.‚

1001 1308 1078 1338 Iun.
1114 1308 1150 1336 et
1172 1304 1223 1336 IV
1246 1302 1310 1334 alii
1332 1300 1517 1333 Heinsiani
1538 1299 1620 1331 iste.

1048 1395 1079 1426 7.
1103 1391 1235 1424 Minio.
1271 1390 1421 1423 Minium
1443 1389 1500 1420 est
1513 1385 1650 1420 coloris
1664 1391 1731 1426 ge-

1005 1458 1071 1482 nus
1093 1447 1209 1488 rubri,
1231 1448 1275 1478 de
1299 1445 1399 1477 cuius
1430 1441 1582 1474 materia
1603 1439 1732 1471 vario-

1007 1511 1090 1545 que,
1115 1503 1222 1534 etiam
1255 1501 1291 1532 in
1323 1500 1508 1539 scriptura
1518 1503 1631 1541 ,Uusu
1661 1493 1734 1525 vid.

1010 1556 1099 1591 Plin.
1123 1560 1166 1590 Η.
1189 1558 1234 1590 Ν.
1257 1557 1416 1589 XXXIII.
1451 1562 1481 1585 c.
1505 1553 1558 1584 36.
1580 1558 1679 1591 seqq.
1700 1550 1739 1580 et

1012 1617 1040 1646 Ι.
1073 1616 1115 1647 Η.
1147 1615 1256 1646 Voss.
1290 1612 1337 1643 ad
1359 1611 1462 1651 Virg.
1493 1608 1572 1641 Ecl.
1605 1607 1653 1647 X,
1683 1604 1736 1636 2⁷.

1014 1669 1136 1711 Cedro
1158 1676 1224 1708 per
1235 1664 1488 1706 metonymiam
1501 1671 1569 1703 pro
1584 1658 1739 1693 cedrino

1017 1726 1109 1758 oleo.
1155 1723 1261 1756 conf.
1284 1722 1351 1763 ΠΙ,
1375 1720 1410 1762 1,
1434 1719 1486 1751 13.
1530 1716 1674 1749 Vitruv.
1695 1715 1741 1746 n.

1018 1789 1050 1812 c.
1073 1781 1104 1812 9.
1149 1778 1214 1810 Em
1244 1778 1358 1809 cedro
1382 1776 1524 1814 oleum,
1556 1771 1656 1814 quod
1677 1767 1741 1802 ‹se-'-

1018 1835 1170 1868 cirinum
1198 1832 1352 1873 dicitur,
1374 1828 1561 1869 nascitur,
1583 1834 1656 1868 quo
1677 1833 1743 1857 re-

1013 1890 1145 1936 -liquae
1168 1898 1232 1920 res
1261 1893 1373 1928 qumn
1401 1884 1488 1916 sunt
1518 1883 1667 1922 unctae,
1690 1879 1747 1912 uti

1021 1947 1134 1980 ete'am
1157 1943 1258 1984 libri,
1281 1951 1306 1973 a
1330 1939 1439 1972 tineis
1453 1939 1492 1971 et
1510 1947 1535 1969 a
1550 1936 1656 1969 carie
1670 1943 1745 1967 mm
1774 1954 1782 1960 ‚

1022 2002 1237 2035 laeduntur.
1270 2000 1310 2030 In
1334 2004 1414 2027 eam
1434 1993 1650 2026 sententiam
1668 1993 1747 2024 Au-

1022 2069 1099 2092 son.
1124 2058 1170 2089 ad
1194 2053 1322 2087 Libell.
1338 2053 1382 2083 de
1395 2050 1548 2090 quodam
1570 2046 1748 2091 Proculo:

1091 2132 1187 2169 Huius
1199 2130 1230 2157 in
1243 2126 1367 2156 arbitrio
1383 2127 1439 2158 est,
1450 2131 1503 2152 seu
1514 2125 1543 2149 te
1555 2121 1750 2158 iuvenescere

1419 2168 1522 2201 cedro,

1126 2221 1185 2250 Seu
1200 2218 1303 2246 iubeat
1313 2213 1395 2243 duris
1404 2211 1556 2240 vermibus
1566 2218 1634 2238 esse
1643 2210 1751 2242 cilium.

1029 2296 1116 2327 Hor.
1140 2293 1183 2323 A.
1207 2290 1244 2320 Ρ.
1269 2296 1303 2318 v,
1327 2285 1403 2317 332.

1097 2380 1130 2384 —
1147 2379 1180 2383 -—
1198 2377 1231 2382 -
1247 2376 1280 2380 -
1298 2364 1464 2394 speramus,
1483 2354 1616 2383 carmina
1635 2350 1707 2386 fingi

1098 2411 1191 2438 Posse
1210 2405 1331 2433 linenda
1350 2402 1450 2429 cedro.
1470 2415 1503 2419 -

1079 2479 1255 2513 Notetur.
1303 2473 1452 2506 Nature
1484 2471 1516 2501 h.
1547 2469 1573 2501 l.
1597 2469 1652 2500 est
1676 2469 1758 2498 tan-

1037 2546 1140 2579 quam
1178 2535 1266 2566 nota
1299 2529 1545 2568 distinguere,
1588 2523 1761 2563 insignem

1035 2595 1175 2631 facere,
1199 2587 1293 2628 quod
1315 2583 1466 2616 verbum
1479 2580 1586 2612 etiam
1610 2579 1654 2609 de
1677 2576 1761 2608 oleo

1038 2647 1185 2681 cedrino
1211 2646 1312 2674 recte
1336 2639 1407 2671 dici
1430 2635 1611 2675 intelliges
1623 2655 1638 2675 ,
1661 2633 1762 2675 dum—

1038 2703 1143 2736 modo
1169 2699 1328 2731 chartam
1350 2695 1433 2726 inde
1459 2693 1590 2723 ssavum
1621 2688 1704 2728 (ΠΙ,
1728 2685 1763 2727 1,
1799 2685 1829 2706 ·’

1042 2763 1113 2797 13.)
1149 2754 1335 2794 accepisse
1370 2750 1533 2782 colorem
1551 2741 1764 2777 memineris.

1043 2819 1187 2850 Metam.
1212 2812 1278 2851 IV,
1303 2807 1376 2839 329.
