1846 3146
163 213 262 264 4⁷8

403 212 460 261 Ρ.
496 207 719 262 OVIDII
754 209 1069 263 NASONIS
1105 209 1447 263 TRISTIUM

164 336 255 384 Nil
289 334 494 383 nisime
527 334 684 383 solum
716 337 872 401 primo
905 337 1088 383 tutatus
1122 349 1202 382 es·
1238 337 1288 382 at
1321 347 1449 383 nunc
1627 328 1694 383 15

231 419 317 467 Me
349 419 533 484 pariter
567 432 718 467 serva
752 417 1076 482 iudiciumque
1110 423 1270 478 tuum3

164 501 225 557 Si
258 500 403 550 modo
437 517 535 549 non
569 501 731 565 aliqua
766 506 842 549 est
873 502 924 548 in
959 516 1034 549 me
1066 516 1199 549 nova
1232 500 1393 567 eulpa,
1428 505 1652 566 tuamque

231 585 482 633 Mutarunt
517 584 678 633 subito
714 586 912 633 crimina
945 589 1112 633 nostra
1146 582 1304 632 fidem.

163 666 379 734 Spiritus
412 666 510 728 hie,
546 666 786 733 Scythica
821 683 969 732 quem«
1000 682 1098 716 non
1139 667 1267 717 bene
1301 666 1520 717 ducimus
1556 682 1690 728 aura,

230 750 376 810 Quod
412 753 572 816 cupio,
607 751 830 801 membris
866 755 1014 799 exeat
1046 753 1160 799 ante
1191 752 1334 811 meiS‚
1627 749 1694 799 20

165 834 319 896 Quam
350 839 434 883 tua
469 833 654 883 delicto
687 836 987 898 stringantur
1018 835 1223 899 pectora
1254 836 1438 894 nostro,

231 917 300 967 Et
333 916 510 967 videar
542 917 715 965 merito
749 916 901 964 vilior
934 930 1046 964 esse
1085 915 1187 965 tibi.

162 1001 283 1050 Non
316 999 443 1049 adeo
478 1002 570 1048 toti
601 999 716 1047 fatis
751 1012 978 1062 urgemur
1010 1000 1204 1064 iniquis,

231 1083 301 1133 Ut
333 1097 441 1132 mea
473 1083 538 1130 sit
570 1080 735 1146 longis
767 1076 902 1130 mens
938 1097 1130 1146 quoque
1162 1085 1291 1131 mota
1323 1081 1477 1131 malis.

164 1167 327 1232 Finge
344 1171 504 1214 tamen
521 1169 723 1213 motam:
756 1188 826 1199 -·
843 1166 1034 1228 quoties
1051 1164 1419 1230 Agamemnone
1435 1168 1596 1214 natum
1628 1162 1697 1213 25

230 1250 436 1299 Dixisse
469 1250 521 1296 in
553 1247 784 1314 Pyladen
817 1247 974 1297 verba
1006 1254 1243 1315 proterva
1274 1248 1456 1316 putas?

162 1333 277 1382 Nee
309 1331 485 1399 procul
519 1348 549 1380 a
582 1346 708 1402 vero
742 1337 834 1391 est,
872 1330 1003 1395 quod
1035 1331 1124 1381 vel
1156 1331 1363 1398 pulsarit
1396 1333 1620 1380 amicum:

230 1416 417 1465 Mansit
449 1417 501 1464 in
537 1414 719 1471 officiis
752 1431 850 1464 non
884 1417 1039 1464 minus
1071 1414 1161 1464 ille
1195 1417 1312 1464 suis.

161 1568 207 1599 ad
230 1567 300 1608 IV,
323 1567 359 1607 5,
382 1566 415 1597 2.
472 1566 615 1598 Dextra
645 1572 708 1596 eas
733 1564 898 1611 tetigisse

160 1621 361 1664 supplices,
385 1622 416 1653 si
439 1629 513 1653 non
531 1621 569 1652 in
585 1620 630 1652 iis
649 1612 898 1662 considerent,

161 1680 267 1721 patet
289 1685 336 1710 ex
357 1678 428 1710 hoe
449 1677 547 1709 loco.

209 1732 347 1766 Firma
376 1731 443 1774 sit,
474 1733 686 1773 perpetuam
713 1732 898 1764 securita-

162 1790 235 1821 tem
274 1788 463 1830 praebeat.
497 1803 542 1809 —-
570 1787 615 1819 V.
645 1788 697 1820 15.
730 1789 808 1820 Put.
836 1795 898 1819 se-

162 1844 299 1879 ctatus.
352 1844 460 1877 Goth.
482 1851 541 1875 me
568 1842 734 1884 primam
764 1843 897 1874 solum.

206 1930 260 1962 15.
293 1929 484 1963 Iudicium
517 1931 639 1972 tuum,
671 1930 766 1971 quod
795 1929 896 1971 peri-

145 1986 378 2027 clitaretur,
406 1986 439 2018 si
462 1988 628 2028 amicum,
651 1986 764 2018 semel
786 1994 896 2018 rece-

159 2043 276 2084 ptum,
305 2049 402 2073 nunc
431 2042 704 2081 relinquendum
733 2044 895 2083 putares.

160 2099 264 2130 Pont.
290 2099 342 2139 II,
365 2097 401 2140 7,
425 2097 479 2129 83.
487 2117 501 2139 ,
535 2095 645 2128 Trist.
670 2093 720 2139 V,
753 2097 810 2140 14,
840 2099 895 2130 2⁰.

161 2168 207 2177 ·-
228 2153 275 2185 V.
299 2152 353 2184 17.
388 2153 469 2185 Bel.
493 2151 531 2184 et
549 2151 590 2184 in
612 2159 681 2184 me.

206 2242 260 2275 19.
295 2240 418 2283 Aura,
441 2240 547 2283 aete,
571 2241 689 2273 coelo.
724 2241 806 2274 Vid.
824 2242 895 2283 111,

161 2299 203 2340 9,
232 2299 287 2330 23.
317 2314 358 2319 -
390 2297 466 2328 Pal.
491 2296 544 2337 1.,
575 2296 723 2338 Erana,
752 2297 807 2328 111
830 2296 896 2328 alii

160 2356 199 2385 et
222 2355 327 2385 Bern.
351 2360 436 2384 ora.
479 2350 803 2392 Leid.,Pirckh.et
814 2350 893 2382 Bel.

163 2404 351 2440 dua-imus.
397 2407 494 2440 Gall.
519 2410 556 2439 et
578 2406 723 2438 Pirckh.
746 2403 840 2446 spir.
853 2403 894 2436 in

162 2463 291 2504 Scyth.
337 2463 441 2497 conf.
456 2465 489 2506 Ι,
504 2466 540 2505 5,
557 2462 609 2495 11.
655 2461 773 2494 Berol.
789 2467 894 2502 quem

161 2520 324 2552 nondum
346 2517 527 2551 ducimus.

205 2597 260 2629 21.
294 2597 396 2630 Leid.
432 2597 470 2628 et
506 2596 611 2627 Bern.
641 2592 892 2636 franqantur.

160 2653 304 2686 Pirckh.
334 2652 543 2693 tingantur.
609 2649 693 2682 Vid.
724 2649 785 2690 11,
818 2648 893 2680 350.

162 2710 237 2760 5133.
270 2710 373 2750 'Reg.
395 2715 463 2748 pro
486 2716 522 2738 v.
545 2705 700 2739 deiectu.

182 2806 185 2813 ι
206 2786 262 2818 22.
299 2783 436 2825 Vilior,
459 2792 564 2825 quam
593 2785 690 2815 ante.
715 2798 756 2803 —
787 2782 893 2814 nem.

163 2848 243 2873 esse
276 2847 369 2872 meo.
404 2839 533 2870 -—-⁴V.
556 2839 617 2871 23.
649 2839 750 2880 Fut„
779 2838 892 2881 Gan„

163 2895 277 2938 Busl.,
297 2896 389 2938 Iun„
411 2894 563 2936 Beuum,
586 2895 709 2937 Rern„
723 2895 841 2928 nostri
853 2895 890 2927 V

964 1565 1002 1597 et
1023 1566 1113 1597 vett.
1136 1564 1217 1597 edd.
1239 1561 1340 1597 totis.
1390 1565 1514 1607 Male,
1545 1566 1587 1597 ut
1615 1571 1638 1597 e
1659 1573 1696 1596 v.

963 1620 1129 1662 sequenti
1159 1621 1272 1662 patet.
1302 1635 1347 1644 —-
1382 1620 1489 1654 Goth.
1520 1621 1559 1651 et
1586 1620 1694 1656 Rern.

961 1674 1058 1717 fatis
1081 1674 1182 1708 totis.

1007 1752 1062 1785 24.
1096 1751 1226 1794 Mota,
1254 1747 1416 1794 turbata,
1439 1742 1694 1785 insania'cor-

963 1809 1080 1849 repta.
1102 1824 1147 1831 —
1169 1809 1258 1841 Exc.
1279 1808 1389 1841 Voss.
1412 1805 1534 1839 lentis.

1005 1885 1061 1917 25.
1094 1883 1369 1927 Ayamemnone
1404 1886 1553 1927 natum,
1598 1884 1693 1918 Ore-

961 1942 1054 1973 sten.
1094 1935 1183 1974 vid.
1205 1929 1240 1984 i,
1262 1942 1304 1984 5,
1320 1940 1390 1984 21„
1404 1942 1474 1984 iv,
1497 1940 1534 1983 4,
1551 1940 1695 1974 σει-71.

1006 2019 1061 2051 26.
1100 2018 1227 2051 Verba
1245 2019 1446 2059 proterva.
1491 2019 1544 2051 ΙΙ).
1560 2029 1596 2052 v.
1611 2007 1693 2055 ou.

963 2072 1094 2115 linqua
1119 2075 1321 2114 proterva.
1353 2089 1400 2099 ·—-·
1427 2075 1512 2107 Vat.
1537 2073 1582 2116 1.,
1614 2073 1694 2105 Pol.

961 2127 1007 2170 1.,
1030 2129 1106 2160 Pal.
1122 2129 1170 2170 2.,
1182 2130 1329 2171 Επειιιο.,
1341 2130 1446 2171 Reg.,
1458 2129 1572 2171 Gau„
1583 2131 1695 2170 Mon,

959 2184 1082 2226 Serv„
1104 2184 1215 2226 Busl.,
1243 2185 1333 2217 V111
1355 2185 1419 2217 alii
1439 2185 1563 2217 Heius.
1587 2185 1625 2216 et
1647 2190 1691 2214 e-

959 2239 1096 2271 iusdem
1110 2241 1165 2271 ed.
1177 2247 1248 2280 pr„
1260 2239 1381 2272 Guelf.
1394 2241 1432 2272 et
1447 2239 1565 2272 nostri
1578 2245 1691 2278 prae-

959 2296 1019 2327 ter
1036 2296 1165 2329 Dresd.
1176 2293 1351 2335 improba
1361 2294 1490 2336 verba,
1509 2294 1603 2335 quod
1622 2300 1691 2326 ve-

958 2358 1039 2383 rum
1068 2350 1225 2383 videtur.
1277 2352 1383 2383 Bern.
1413 2348 1533 2390 impia
1560 2347 1691 2389 verba,

959 2414 1038 2438 exc.
1067 2407 1176 2439 Voss.
1207 2405 1350 2446 turpia.
1410 2408 1488 2439 Iun.
1520 2406 1558 2438 et
1596 2403 1691 2436 alius

959 2461 1101 2494 tristia.
1168 2462 1267 2494 Unus
1297 2460 1419 2493 Heius.
1448 2468 1607 2501 aspera,
1637 2461 1690 2496 ,ut

958 2517 1062 2548 Pont.
1084 2517 1135 2558 11,
1158 2517 1249 2558 628.
1292 2515 1437 2556 Reliqui
1458 2517 1496 2548 et
1507 2517 1598 2548 vett.
1609 2515 1689 2546 edd.

958 2571 1077 2604 verba
1097 2572 1294 2612 proterva.
1320 2578 1370 2592 2—-
1398 2570 1505 2603 Goth.
1527 2577 1550 2602 a
1574 2569 1604 2602 1.
1627 2577 1692 2610 ιιι,

959 2630 1055 2661 Mor.
1078 2629 1116 2660 et
1139 2628 1234 2660 Gall.
1254 2626 1376 2667 putes.

1000 2704 1055 2736 27.
1089 2702 1197 2743 Quod
1216 2703 1278 2735 vel
1296 2701 1478 2744 pulsarit.
1524 2699 1689 2733 Pulsare

957 2759 995 2792 in
1016 2759 1086 2791 hac
1107 2766 1150 2791 re
1173 2758 1280 2791 etiam
1302 2759 1425 2791 Amor.
1447 2757 1480 2798 1,
1503 2756 1540 2798 7,
1562 2756 1617 2788 29.

1022 2821 1079 2855 An,
1103 2821 1131 2849 si
1153 2821 1323 2856 pulsassem
1346 2820 1500 2849 minimum
1529 2817 1568 2847 de
1597 2818 1689 2854 plebe

1072 2898 1249 2928 Plecterer?
1355 2865 1514 2901 quumm'

1830 1333 1846 1495 3

1840 1497 1846 1550 Ἰ
