1846 3146
195 185 296 236 496

439 185 496 234 P.
532 183 757 235 OVIDII
790 182 1109 236 NASONIS
1145 183 1488 235 TRISTIUM

698 436 1042 489 ELEGIA
1091 436 1210 487 Ix-

244 553 399 587 Laudat
422 553 540 587 amici*
558 553 727 598 officium
746 553 971 597 fys-utiusque
985 553 1076 595 ayit,
1091 562 1139 586 ac
1154 551 1377 585 memoriam
1395 550 1629 584 indelebilem
1646 551 1735 583 tan-

289 612 418 643 torum
443 608 709 651 beneficiorum
729 609 934 651 promittit,
958 609 1144 650 doletque,
1167 608 1267 650 quod
1291 606 1522 639 carminibus
1544 615 1676 639 nomen
1699 606 1737 639 et

289 664 499 697 amicitiam
531 663 609 697 eius
641 665 793 707 publice
820 665 1019 698 celebrare
1047 663 1118 698 sibi
1145 672 1221 697 mm
1255 663 1381 697 liceat.
1432 662 1538 705 Gonf.
1571 659 1608 704 Ι,
1633 661 1670 695 5
1699 663 1738 695 et

291 721 378 762 III,
401 721 439 754 5.

668 816 690 833 Ἰ

201 847 246 897 Ο
282 852 365 896 tua
398 849 442 896 si
477 849 666 898 sineres
699 851 750 897 in
783 851 964 899 nostris
1001 850 1193 899 nomina
1224 846 1341 916 poni

272 929 607 994 Carminibus;
643 935 833 999 posItus
868 950 1007 998 quam
1039 927 1155 981 mihi
1188 947 1338 998 saepe
1370 930 1520 980 fores.

203 1012 282 1062 Te
318 1028 543 1063 canerem
577 1015 735 1064 solum
767 1018 926 1065 meriti
961 1030 1168 1076 memor,
1203 1017 1349 1080 inque
1381 1003 1572 1063 libellis

272 1094 536 1146 crevisset
569 1094 676 1147 sine
710 1103 761 1147 te
795 1102 976 1165 pagina
1009 1098 1147 1165 nulla
1180 1096 1315 1147 meis.

203 1178 336 1239 Quid
370 1179 460 1229 tibi
495 1180 741 1242 deberem,
776 1187 881 1231 tota
913 1184 1123 1239 sciretur
1156 1183 1207 1240 in
1223 1181 1407 1257 Urbe3
1457 1151 1461 1155 ›

269 1262 435 1312 Exsul
467 1265 519 1312 in
553 1267 730 1314 amissa
763 1267 807 1313 si
840 1249 1000 1315 tameo
1032 1266 1170 1316 Urbe
1193 1264 1370 1338 legor·
1416 1312 1418 1314 ,

191 1345 283 1395 “Te
318 1361 557 1413 praesens
589 1349 750 1397 mitem
785 1354 968 1411 nosset,
1005 1355 1056 1399 te
1087 1350 1247 1398 serior
1279 1351 1443 1406 aetas3

271 1428 475 1496 Scripta
507 1435 804 1496 vetustatem
837 1416 882 1481 si
913 1432 1060 1482 modo
1096 1435 1266 1480 nostra
1296 1430 1473 1478 ferent.

207 1513 323 1562 Nec
356 1513 443 1562 tibi
482 1513 912 1564 cessaremioctus
946 1516 1072 1565 bene
1109 1514 1277 1563 dicere
1310 1512 1498 1561 lector:
1531 1533 1601 1545 -·-—-

272 1596 372 1645 Hic
406 1596 494 1645 tibi
529 1603 732 1647 servato
767 1604 886 1649 vate
920 1603 1138 1648 maneret
1170 1595 1342 1646 honor.

250 1758 307 1791 38.
338 1756 373 1790 A
402 1756 550 1799 primis.
601 1760 680 1793 Pol.
702 1761 733 1793 1.
761 1769 846 1795 mea
876 1762 942 1795 est.

207 1816 302 1847 Mor.
334 1817 372 1846 et
400 1816 453 1847 IV
482 1815 546 1847 alii
575 1823 668 1848 mea.
726 1819 818 1850 Puto
842 1817 943 1850 mihi.

206 1870 356 1901 HEINS.
403 1869 493 1902 Mea
517 1871 624 1903 etiam
649 1871 758 1905 crev.
773 1874 943 1905 —Hein—

207 1926 253 1958 sii
278 1926 490 1958 coniectura
520 1925 611 1958 mihi
645 1935 741 1959 nunc
770 1928 852 1960 fere
874 1937 943 1969 pro

148 2008 151 2009 γ
207 1982 361 2023 vulgata
373 1982 638 2014 est.Revocavi
654 1982 756 2022 meis,
770 1983 793 2014 i.
805 1991 835 2015 e.
853 1991 945 2023 quae

211 2046 281 2080 ego
305 2038 414 2070 facio.
459 2037 538 2068 Pol.
563 2036 593 2068 1.
616 2045 702 2068 mea
730 2039 796 2070 est.
849 2041 945 2072 Mor.

209 2094 302 2126 vota
324 2093 501 2125 secunda.

252 2149 374 2181 Prima
395 2151 486 2180 vota
508 2150 607 2189 sunt,
632 2149 672 2180 ut
695 2147 810 2188 ipsum
829 2149 945 2181 tristis

209 2199 354 2246 patriae
376 2204 581 2236 restitutum
594 2204 733 2246 videat,
750 2201 945 2244 proxima,

210 2261 250 2291 ut
273 2260 364 2301 ipse,
388 2259 551 2292 inimicus
574 2260 653 2302 ille,
667 2260 713 2292 ob
737 2259 878 2301 turpius
902 2267 944 2291 e-

211 2314 297 2347 tiam
321 2315 459 2348 crimen
485 2316 685 2358 relegetur.

447 2427 629 2487 ΕιΕαιΛ
653 2449 714 2481 rx.

258 2517 288 2549 1.
325 2516 379 2549 0.-,
411 2519 490 2550 Put.
514 2515 619 2547 at.-
637 2515 678 2547 V.
698 2515 729 2547 3.
754 2516 860 2548 Serv.
883 2523 947 2548 so-

213 2571 292 2603 lum
314 2571 442 2603 meriti
465 2579 651 2604 canerem.

257 2652 289 2681 5.
331 2648 535 2681 Tota—in
565 2648 675 2681 Urbe.
728 2648 817 2681 Exe.
841 2647 950 2681 Voss.

213 2708 251 2738 et
285 2706 340 2737 111
372 2705 436 2737 alii
471 2705 592 2738 Heius.
624 2703 812 2737 toto—in
851 2703 951 2735 orbe.

212 2762 374 2803 Bersm.,
414 2761 561 2794 Pirckh'.
590 2765 628 2793 et
660 2761 783 2793 Heius.
813 2760 869 2791 ed.
897 2766 952 2799 pr.

213 2815 326 2858 quod.

259 2883 289 2915 6.
325 2881 460 2923 Leyor.
505 2881 628 2923 held„
658 2881 755 2915 Gall.
764 2903 779 2923 ,
804 2879 880 2914 Pal.
905 2879 950 2921 1.‚

1679 1589 1746 1641 lo

1009 1760 1098 1800 vm
1112 1759 1176 1797 alii
1188 1758 1324 1799 Heius„
1347 1758 1449 1799 seg„
1470 1755 1601 1788 Dresd.
1622 1762 1691 1795 pro
1708 1763 1747 1790 Y·

1011 1825 1084 1849 scr.
1099 1817 1218 1857 legar.
1241 1813 1352 1846 Male.
1375 1813 1512 1844 Sensus
1527 1813 1597 1842 est:
1622 1817 1748 1851 quan-

1012 1872 1061 1904 do
1083 1871 1146 1903 vel
1168 1860 1348 1911 siquidem
1373 1867 1517 1908 tamen,
1551 1865 1643 1898 licet
1675 1873 1747 1897 ea·-

1013 1928 1074 1960 sul
1095 1925 1185 1967 sim,
1217 1923 1258 1956 in
1293 1922 1392 1955 Urbe
1420 1922 1537 1963 leyor.
1567 1939 1612 1945 —-
1642 1922 1692 1954 V.
1713 1921 1749 1952 7.

1013 1985 1142 2025 fragm.
1164 1982 1271 2022 Vae,
1306 1976 1404 2011 Bu‘sl.
1427 1979 1464 2010 et
1495 1979 1573 2010 lun.
1596 1978 1634 2010 te
1656 1984 1750 2008 nos-

1013 2039 1081 2071 set.
1102 2055 1147 2061 —
1170 2036 1306 2077 Berol.,
1329 2034 1466 2075 Guelf„
1490 2034 1528 2065 et
1552 2034 1642 2066 vett.
1664 2032 1746 2064 edd.

1012 2093 1153 2124 noscet.
1199 2092 1298 2123 hiem
1320 2090 1417 2131 Bel„
1441 2086 1521 2120 cum'
1534 2088 1662 2128 glossa
1678 2094 1750 2118 co-

1011 2147 1172 2189 qno-sset.

1056 2237 1090 2269 8.
1122 2234 1275 2268 Ferent.

1013 2291 1150 2333 Heius„
1173 2292 1270 2323 Mor.
1293 2296 1361 2330 pro
1385 2297 1419 2320 v.
1445 2294 1539 2330 sen,
1562 2289 1598 2319 et
1617 2288 1746 2320 Dresd.

1344 2231 1463 2274 Busl.,
1490 2233 1589 2274 lum,
1618 2233 1655 2264 11
1685 2231 1748 2264 alii

1011 2347 1150 2390 ferent.
1210 2345 1320 2380 Grev.
1346 2343 1483 2376 tenent.
1542 2341 1644 2375 Vett.
1663 2344 1748 2382 edd.
1808 2361 1820 2369 .

1014 2407 1052 2435 et
1080 2402 1212 2443 reliqui
1244 2400 1347 2433 codd.
1375 2398 1527 2441 ferunt,
1560 2398 1632 2433 nisi
1654 2400 1748 2440 quod

1015 2460 1121 2493 Goth.
1159 2461 1197 2490 et
1231 2456 1334 2489 Rich.
1361 2453 1509 2497 ferant.
1572 2446 1749 2488 ruiturum

1016 2514 1223 2555 tenendum,
1246 2519 1292 2543 ne
1315 2510 1427 2551 poeta
1457 2510 1667 2542 immodeste
1689 2509 1748 2541 lo-

1016 2572 1157 2611 quatur.
1208 2567 1352 2599 Ferent
1374 2569 1495 2599 antem
1510 2565 1659 2607 proprie
1681 2573 1749 2597 ac-

1020 2625 1243 2666 cipiendum,
1278 2625 1319 2655 ut
1342 2620 1519 2664 praemia
1549 2620 1681 2663 ferre,
1711 2624 1750 2653 et

1019 2679 1157 2712 similia.
1214 2679 1317 2710 Pont.
1340 2677 1408 2720 IV,
1442 2678 1490 2720 8,
1506 2674 1578 2710 '51.
1601 2674 1750 2717 scripta

1016 2734 1152 2777 ferunt
1173 2741 1303 2765 annos.
1328 2750 1372 2757 —
1402 2734 1446 2766 V.
1470 2733 1501 2767 9.
1536 2727 1747 2773 Gall.,'1un.

1020 2793 1058 2822 et
1080 2789 1227 2822 Pirckh.
1250 2796 1337 2822 non.

1026 2880 1028 2882 ’
1062 2879 1115 2911 10.
1151 2877 1223 2910 Hic
1252 2876 1329 2910 tibi.
1385 2878 1443 2909 Ita
1465 2877 1519 2908 ed.
1545 2883 1616 2917 pr.,
1639 2873 1752 2915 Gall„
