1846 3146
195 163 294 214 296

427 164 487 215 P.
521 164 745 218 OVIDII
777 164 1092 218 NASONIS
1128 167 1470 220 TRISTIUM

195 283 302 335 Seu
335 287 514 338 vitiant
546 291 680 336 artus
703 272 896 352 'aegrae
930 292 1159 354 contagia
1191 293 1381 351 mentis,

263 367 391 418 Sive
424 372 519 419 mei
553 385 703 420 causa
737 375 814 420 est
845 373 896 421 in
927 373 1134 436 regione
1165 373 1303 422 mali:

1653 291 1721 341 25

1611 331 1677 409 χ
1740 366 1743 371 ,

195 451 263 503 Ut
296 454 438 516 tetigi
471 452 695 514 Pontum,
731 460 918 505 vexant
950 457 1201 517 insomnia,
1237 458 1426 522 vixque

262 533 391 584 Ossa
425 537 550 599 tegit
581 538 761 587 macies
795 552 889 587 nec
921 540 1060 588 iuvat
1094 555 1181 587 ora
1215 538 1367 588 cibus.

193 615 384 681 Quique
418 633 508 683 per
540 622 812 670 autumnum
844 622 1093 688 percussis
1127 621 1316 685 frigore
1348 623 1503 688 primo

259 699 354 751 Est
388 701 529 751 color
561 703 611 752 in
645 703 799 764 foliis,
835 719 959 769 quae
994 719 1126 754 nova
1159 704 1306 754 laesit
1337 703 1507 766 hiem,

1654 706 1721 757 30

192 784 244 833 Is
277 799 386 833 mea
418 785 629 836 membra
662 791 820 847 tenet3
856 801 949 838 nec
981 787 1170 837 viribus
1204 786 1401 836 allevor
1434 788 1584 849 ullis‚'

258 866 328 915 Et
360 884 599 934 nunquam
635 868 827 937 queruli
861 884 1010 919 causa
1045 869 1234 922 doloris
1267 870 1419 921 abest.

193 951 307 1003 Nec
330 951 504 1002 melius
530 952 694 1012 valeo,
710 968 862 1016 ‘quam
893 967 1117 1019 corpore,
1145 956 1331 1014 mente3
1366 953 1459 1003 sed
1477 969 1628 1020 aegra
1644 960 1721 1006 est

255 1035 477 1100 Utraque
509 1051 625 1101 pars
659 1048 830 1099 aeque,
867 1035 1076 1100 binaque
1110 1034 1282 1084 damna
1315 1034 1438 1085 fero,

192 1118 383 1171 Haeret
417 1122 467 1166 et
500 1122 613 1166 ante
650 1117 839 1178 oculos,
874 1117 1032 1181 veluti
1066 1117 1339 1183 spectabile
1374 1131 1567 1187 empne,

1654 1119 1720 1169 35

258 1199 444 1253 Adstat
477 1199 704 1252 fortunae
737 1200 895 1252 forma
926 1199 1142 1269 legenda
1173 1214 1335 1262 meae3

256 1348 337 1377 aere
354 1355 415 1378 non
433 1349 517 1376 certo
535 1354 662 1383 corpora
679 1348 809 1383 languor
824 1349 925 1377 habet.

191 1418 368 1461 Corpora
389 1418 587 1459 pluraliter
621 1419 666 1450 de
688 1426 760 1451 uno
783 1418 926 1452 homine

190 1476 286 1517 apud
297 1476 481 1510 Nasonem
491 1474 664 1515 frequens
677 1473 808 1507 oratio.
841 1474 923 1508 Vid.

188 1532 265 1566 not.
283 1531 329 1562 ad
342 1531 414 1571 111,
427 1528 462 1571 1,
474 1529 527 1561 27.
573 1531 628 1563 De
651 1529 808 1563 dictione
831 1537 922 1561 cor-

189 1593 293 1630 pora
319 1583 432 1616 habet
463 1585 628 1626 lanquor
660 1584 732 1617 vid.
767 1586 843 1617 not.
875 1584 923 1617 ad

190 1643 278 1678 Her.
301 1642 386 1682 XII,
411 1639 486 1673 170.
533 1639 638 1676 Conf.
660 1640 761 1673 Fast.
784 1641 834 1682 11,
845 1639 922 1674 754.

191 1699 230 1731 et
252 1698 325 1739 111,
347 1696 423 1729 288.

235 1785 290 1818 26.
324 1784 425 1819 Leid.
453 1791 539 1817 mea
568 1791 686 1816 causa
716 1783 774 1816 est
800 1782 837 1816 et
859 1792 923 1815 re-

187 1839 308 1883 yione.

233 1929 289 1961 27.
325 1926 522 1960 Ins-omnia
543 1935 656 1969 saepe
677 1929 715 1960 in
738 1927 841 1959 malis
864 1926 922 1958 in-

190 1984 391 2026 quietisque
428 1982 566 2015 somnis
602 1982 780 2014 dicuntur.
847 1981 922 2015 Cic.

189 2041 235 2073 de
257 2040 402 2071 Senect.
431 2046 463 2070 c.
492 2037 546 2069 13.
570 2036 682 2068 caret
708 2036 858 2074 (senex)
880 2043 922 2068 e-

189 2093 283 2128 tiam
305 2091 513 2125 vinolentia
535 2091 573 2123 et
588 2090 780 2124 cruditate
802 2091 841 2123 et
859 2089 922 2122 in-

188 2147 355 2182 somniis.
388 2164 432 2171 -
462 2149 542 2180 Iun.
564 2146 709 2179 vexant
729 2154 788 2178 me
816 2144 921 2178 inso-

187 2203 300 2237 mnia.
336 2204 391 2236 ΙΙΙ
403 2202 500 2243 apud
511 2202 645 2243 Burm.,
664 2201 795 2234 Dresd.
806 2209 874 2243 pro
886 2210 921 2233 v.

186 2268 262 2293 scr.
277 2257 423 2291 vexant
432 2264 490 2289 me
512 2253 670 2289 somnia.
700 2255 920 2290 Conf.Pont.

187 2316 220 2357 1,
242 2315 279 2356 2,
302 2314 356 2346 45.
379 2306 479 2354 Seqq.

230 2390 286 2423 28.
326 2389 401 2422 Vim
423 2398 511 2422 ossa
533 2389 624 2432 teyit
645 2388 795 2430 maciffle,
826 2386 919 2430 poe-

188 2446 262 2480 tice
290 2456 359 2487 pro
390 2453 480 2488 prae
508 2446 625 2480 macie
655 2453 740 2478 ossa
768 2444 831 2477 vix
861 2446 919 2478 te-

186 2505 333 2544 guntur.

231 2578 314 2612 Nec
336 2578 454 2621 iuvat,
476 2588 549 2613 non
561 2582 688 2622 gratus
702 2582 767 2613 est.
800 2579 917 2612 Plaut.

251 2654 356 2690 Neque
379 2661 507 2690 unquam
533 2654 692 2690 quicquam
715 2653 810 2687 iuvat,
840 2653 920 2689 quod

410 2703 414 2706 ”
585 2699 642 2726 edo
661 2698 761 2732 domi;

251 2742 342 2772 Foris
359 2743 581 2779 aliquantillum
603 2743 704 2777 etiam,
720 2744 800 2779 quod
817 2746 917 2789 gusto,

582 2789 662 2816 beat.

186 2815 478 2903 Dte-scrutor.
509 2866 580 2890 scr.
611 2857 679 2889 vix
706 2856 823 2889 iuvat.
871 2857 916 2889 V.

993 1352 1049 1384 29.
1083 1353 1159 1384 run.
1188 1353 1226 1385 et
1255 1354 1339 1395 seg.
1365 1351 1541 1393 primum.
1564 1331 1668 1385 Ῥιι.
1687 1353 1721 1386 8.

994 1409 1031 1440 et
1053 1409 1189 1441 Bersm.
1209 1415 1425 1450 percussus.

1036 1484 1090 1516 80.
1124 1483 1249 1526 Nova,
1273 1487 1313 1517 ut
1323 1485 1429 1527 Virg.
1453 1485 1587 1526 Geni-g.
1610 1487 1643 1530 1,
1665 1485 1721 1519 4³.

991 1547 1082 1572 vere
1103 1546 1212 1572 novo.
1257 1541 1336 1586 I’ut.
1360 1547 1444 1582 quo.

1033 1628 1087 1660 32.
1120 1625 1290 1660 Doloris.
1346 1627 1425 1662 Pol.
1450 1627 1480 1660 1.
1510 1630 1548 1661 et
1573 1629 1626 1661 111
1657 1627 1721 1661 alil

990 1680 1148 1716 laboris.
1194 1683 1266 1714 Sed
1288 1682 1425 1714 rectius
1448 1682 1563 1715 dolor
1578 1689 1722 1724 queru-

989 1738 1062 1779 lus,
1084 1745 1190 1781 quam
1210 1736 1322 1771 labor
1344 1738 1486 1772 dicitur.
1530 1738 1669 1772 Bmut.

1035 1826 1088 1858 33.
1123 1827 1189 1859 Ed.
1201 1835 1256 1867 pr.
1269 1834 1390 1868 aequa
1411 1826 1478 1859 est.
1512 1826 1636 1868 Crem,
1649 1827 1722 1858 Be-

990 1882 1076 1924 rol.,
1098 1883 1201 1915 Leid.
1225 1884 1263 1914 et.
1283 1881 1381 1914 Busl.
1403 1881 1460 1916 est
1483 1882 1660 1915 omittunt.

1035 1971 1090 2003 36.
1123 1969 1273 2003 Adstat,
1318 1969 1381 2003 Sic
1402 1969 1479 2002 Pal.
1506 1969 1553 2012 1.,
1582 1970 1721 2011 auem,

990 2025 1086 2068 Bel„
1108 2026 1237 2058 Dresd.
1261 2027 1298 2058 et
1319 2025 1444 2058 XVIII
1470 2025 1593 2056 Heius.
1643 2025 1720 2056 Be·-

989 2078 1079 2120 liqui
1120 2088 1199 2113 cum
1235 2081 1324 2113 vett.
1358 2079 1439 2111 edd.
1474 2078 1642 2111 adstans.
1675 2096 1721 2104 —·

990 2133 1137 2167 Forma
1167 2135 1325 2177 leyenda
1357 2135 1476 2167 XXIX
1506 2134 1649 2177 Helas„
1682 2135 1720 2169 in

988 2189 1114 2230 quibus
1135 2190 1212 2222 Pal.
1237 2189 1285 2233 1.,
1303 2191 1390 2224 vat.
1403 2189 1720 2233 1.,uterque1›ol.,

986 2244 1062 2276 Pal.
1091 2245 1148 2287 2.,
1179 2245 1301 2288 Busl.,
1329 2246 1482 2287 Erana,
1513 2245 1610 2287 Put.;
1634 2245 1720 2278 item

987 2299 1108 2332 Guelf.
1132 2301 1170 2333 et
1191 2300 1309 2332 nostri
1341 2308 1474 2334 omnes.
1504 2317 1551 2327 -—
1573 2300 1720 2333 Pii-clxii.

988 2358 1026 2389 et
1056 2357 1092 2389 11
1119 2356 1186 2389 alii
1217 2354 1341 2388 Heinsi
1368 2355 1546 2388 verenda.
1592 2356 1717 2389 flamb-

987 2411 1161 2453 luqenda.
1206 2412 1313 2444 Serv.
1325 2409 1474 2442 luenda.
1507 2411 1573 2443 Ed.
1587 2419 1642 2451 pr.
1654 2410 1718 2442 ta-

987 2467 1118 2500 cenda.
1169 2465 1281 2499 Pauci
1308 2473 1389 2497 cum
1421 2466 1612 2498 nonnullis-
1627 2467 1717 2499 vett.

986 2524 1066 2555 edd.
1087 2521 1276 2555 videnda.-
1309 2520 1538 2563 „Fortunae
1562 2520 1718 2563 forma

985 2579 1124 2612 rectius
1147 2577 1279 2610 dicitur
1300 2574 1471 2617 spectari
1500 2576 1563 2609 vel
1583 2575 1718 2619 videri,

987 2642 1091 2675 quam
1113 2632 1204 2675 leyi,
1235 2634 1273 2664 et
1306 2631 1524 2673 scripturam
1553 2630 1717 2665 videnda

985 2690 1178 2723 confirmat
1193 2688 1302 2721 etiam
1317 2695 1378 2720 res
1391 2689 1602 2729 comparata
1612 2695 1631 2719 s
1637 2695 1665 2728 p
1673 2696 1713 2720 e-

984 2743 1165 2777 ctabile
1187 2741 1368 2784 corpus.“
1408 2743 1508 2776 Scite
1529 2744 1621 2776 haec
1643 2752 1712 2776 an-

983 2799 1124 2833 notavit·
1146 2800 1380 2831 Burmannus.
1424 2799 1594 2831 Attamen
1619 2806 1710 2831 con-

984 2857 1043 2887 tra
1065 2854 1228 2888 codicum
1251 2862 1367 2896 prope
1395 2861 1608 2887 consensum
1641 2862 1710 2888 no-
