1846 3146
217 156 315 208 122

466 157 523 207 Ρ.
559 156 781 210 OVIDII
816 160 1131 219 NASONIS
1165 163 1508 231 TRISTIUM

214 278 362 339 Inde,
398 278 505 329 levi
538 287 690 331 vento
724 283 1000 349 Zerynthia
1031 285 1180 336 litora
1212 292 1372 348 nacta,
1450 346 1452 348 ,
1602 324 1611 353 ,μ
1682 310 1725 341 ι’
1787 305 1790 309 ·

281 361 560 413 Threiciam
593 367 755 430 tetigit
787 366 924 416 fessa
956 369 1121 417 carina
1154 367 1350 418 Samon.

212 511 368 545 Actoris
391 521 438 545 an
466 513 644 546 Hectoris
675 516 811 548 rectius
834 517 939 558 lega-

212 568 293 609 tur,
323 576 396 600 non
427 570 538 602 facile
565 571 787 603 affirmarim.
849 573 939 606 Nam

212 624 257 654 de
285 624 446 667 Actore,
481 625 539 666 qui
566 626 604 658 in
632 627 795 660 Asiatico
827 628 940 660 litore

210 680 380 712 habItarit
403 681 467 712 aut
479 680 603 712 urbem
624 682 839 727 condiderit,
852 684 938 717 alibi
974 708 979 711 v

209 736 298 768 nihil
330 737 497 769 traditur.
551 736 599 769 Et
628 745 733 777 quam
761 737 940 770 Hectoris

209 793 333 824 urbem
346 791 458 833 poeta
480 793 605 834 vocet,
617 791 824 834 Troiamne,
849 801 940 833 quae

208 849 311 880 nulla
334 850 408 880 tum
437 849 539 888 erat,
571 854 616 878 an
639 846 743 879 Ilium
767 854 790 877 a
812 850 940 887 poste-

207 904 260 936 ris
283 904 536 943 instauratum,
553 901 622 933 dici
645 903 750 934 certo
773 910 847 934 non
870 911 939 943 po-

208 960 294 1001 test,
319 967 399 991 cum
422 958 639 999 praesertim
661 959 738 997 ipse
761 956 872 997 poeta
894 957 939 988 de

208 1015 319 1047 litore
342 1015 505 1047 Asiatico
537 1013 753 1045 mentionem
782 1019 854 1042 non
878 1012 938 1043 fa-

209 1070 297 1113 ciat,
320 1078 436 1111 neque
460 1078 504 1102 eo
527 1077 568 1101 se
591 1068 776 1110 appulisse
794 1068 937 1100 omnino

207 1126 313 1158 dicat.
359 1124 482 1167 Quare
509 1128 548 1157 ut
571 1123 833 1164 expositionem
857 1126 938 1156 Me-

206 1179 310 1210 rulae
333 1188 407 1211 non
436 1180 586 1222 reiicio,
608 1179 660 1211 ita
682 1187 809 1211 rursus
833 1179 937 1211 dubi-

205 1236 260 1276 to,
283 1243 367 1266 num
390 1235 483 1267 idem
505 1235 609 1268 locus
641 1236 685 1266 de
707 1236 843 1266 Lemno
868 1243 936 1275 po-

208 1290 278 1323 tius
302 1291 536 1331 accipiendus
565 1291 628 1334 sit,
660 1291 760 1322 cuius
790 1298 857 1322 rex
883 1291 937 1322 A-

204 1347 288 1378 ctor
322 1346 413 1388 fuit,
447 1348 600 1378 auctore
634 1347 729 1387 Hyg.
764 1347 805 1378 F.
845 1345 936 1386 102„

204 1401 264 1440 qui
300 1400 548 1437 Philoctetam
586 1410 609 1433 a
641 1404 792 1443 pastore
836 1401 935 1441 regis

202 1455 351 1488 Actoris
374 1456 548 1488 nutritum
572 1457 702 1498 tradit3
738 1459 778 1488 ut
807 1464 935 1487 sensus

201 1511 269 1544 sit:
317 1511 523 1552 Postquam
552 1511 618 1551 ‚ad
650 1511 937 1551 Hellespontum

202 1565 383 1609 venimus,
405 1565 444 1598 in
468 1568 617 1599 laevum
637 1566 812 1609 fleaeimus
841 1574 936 1598 cur-

203 1630 288 1654 sum
311 1622 347 1654 et
370 1621 416 1653 ab
440 1621 596 1655 Actoris
618 1622 724 1664 urbe,
747 1621 787 1654 in
809 1620 938 1653 insula

203 1678 353 1719 Lemno,
376 1677 415 1709 in
434 1677 606 1710 Imbrum
621 1679 731 1719 (hanc
750 1676 840 1709 enim
856 1676 937 1708 Im·-

204 1733 327 1766 briam
362 1734 509 1765 terram
539 1734 732 1775 intelligo)
760 1730 937 1772 proxime

202 1789 486 1833 navigavimus,
520 1788 607 1821 inde
639 1788 679 1820 in
708 1788 936 1819 Samothra-

132 1851 139 1858 “
201 1845 314 1878 ciam.
361 1846 531 1879 Ceterum
553 1844 656 1876 multi
674 1845 807 1885 passim
819 1846 936 1876 Acto—

200 1910 263 1935 res
308 1901 571 1941 recensentur,
617 1907 769 1939 quorum
802 1901 936 1939 tamen,

202 1957 285 1998 quia
314 1957 376 1989 vel
407 1956 445 1988 in
478 1955 589 1987 litore
626 1954 838 1986 Thessalico
874 1953 937 1984 vel

201 2011 381 2046 Locrensi
425 2010 489 2043 vel
534 2009 642 2041 etiam
682 2009 935 2049 Peloponneso

200 2054 427 2108 habitarunt,
450 2072 556 2096 nemo
580 2064 613 2096 h.
636 2065 661 2096 1.
689 2064 844 2104 intelligi
866 2073 935 2104 po-

202 2125 285 2156 test.
321 2121 500 2154 Μισγιι.
545 2121 619 2152 Res
643 2119 811 2151 obscura.
854 2118 936 2150 He-

202 2176 322 2211 ctoris
356 2176 593 2218 retinuimus,
630 2177 669 2207 ut
705 2174 936 2215 intelligatur

201 2233 296 2266 Ilion
329 2232 469 2273 aliquot
509 2239 534 2263 a
559 2231 673 2263 litore
710 2230 838 2263 stadiis
869 2238 934 2264 re-

202 2290 382 2320 staurata.
437 2286 614 2319 Hectoris
635 2286 727 2319 urbs
748 2295 816 2327 pro
850 2287 934 2327 Ilio,

203 2347 243 2376 ut
264 2345 359 2385 apud
382 2343 487 2384 Virg.
510 2344 554 2375 A.
576 2343 635 2385 V,
667 2342 743 2375 634.
792 2341 934 2374 Hecto-

201 2398 261 2431 rei
285 2407 412 2430 amnes
435 2398 598 2430 Xanthus
622 2401 660 2430 et
682 2396 814 2430 Simois
843 2399 880 2430 et
901 2398 935 2438 Ι,

202 2455 278 2486 277.
300 2462 392 2495 qens
406 2453 607 2485 Hectorea.
655 2450 881 2494 Quanquam,
902 2451 936 2484 si

202 2509 333 2541 fuisset
374 2509 411 2540 in
452 2510 588 2540 Lemno
629 2508 748 2540 insula
780 2506 935 2539 Actoris

203 2565 304 2606 urbs,
336 2564 555 2604 scripturam
583 2561 737 2595 Actoris
764 2563 934 2603 praeser-

201 2627 289 2651 rem.
334 2618 483 2651 Merkel
513 2618 740 2659 Ophrynium
765 2618 935 2659 oppidum

200 2674 394 2715 intelligit,
428 2674 524 2714 quod
558 2674 596 2706 in
616 2674 730 2707 litore
751 2675 862 2707 Asiae
884 2675 937 2707 si-

202 2731 300 2771 tum,
335 2733 372 2761 et
404 2729 463 2760 ubi
485 2730 593 2761 lucus
616 2730 686 2762 fuit
708 2729 878 2762 Hectoris
900 2723 939 2760 ἐν

202 2784 401 2825 περιφανεῖ
418 2780 543 2830 τόπῳ,
574 2787 669 2818 teste
699 2786 820 2817 Strab.
844 2785 937 2817 xm.

189 2850 237 2882 p.
261 2841 339 2873 409.
386 2842 460 2873 Sed
483 2841 623 2883 dubito,
657 2850 740 2873 num
762 2840 844 2872 ideo
869 2847 937 2879 op-

1616 351 1740 421 '20

1006 518 1125 559 pidum
1154 518 1245 551 illud
1275 517 1452 552 Hectoris
1481 519 1574 552 urbs
1604 494 1736 583 appel-

1005 573 1075 606 lari
1097 575 1266 616 potuerit.

1050 649 1102 683 18.
1140 649 1289 682 Imbria
1312 651 1433 683 terra.
1478 651 1631 687 Imbros
1650 664 1741 696 par-

1005 711 1054 735 va
1083 704 1202 737 insula
1230 708 1276 739 ad
1317 707 1499 739 sinistram
1533 703 1583 741 ex
1611 711 1739 752 Agaeo

1005 760 1096 791 mari
1141 761 1176 793 in
1210 762 1487 802 Hellespontum
1520 763 1738 806 naviganti-

1005 813 1085 856 bus,
1108 824 1226 857 prope
1258 817 1514 849 chersonesum
1549 805 1739 853 Thraciam

1003 867 1100 901 inter
1144 871 1306 904 Lemnon
1351 873 1390 904 et
1433 873 1738 917 Samothraciam,

1003 927 1115 965 portu
1145 926 1258 957 clara.
1312 925 1411 958 Mela
1442 927 1486 958 u.
1512 935 1543 959 c.
1566 928 1615 970 8.,
1650 930 1741 962 Pto-

1004 979 1087 1012 lem.
1111 990 1146 1022 p.
1170 982 1224 1013 85.
1247 997 1290 1003 —-

1050 1047 1169 1080 Guelf.
1177 1047 1364 1089 fleximus.
1392 1050 1483 1083 Tres
1498 1050 1601 1083 codd.
1617 1052 1738 1085 Heius.

1005 1103 1042 1135 et
1073 1106 1162 1135 vett.
1187 1105 1289 1146 edd.,
1319 1105 1426 1138 etiam
1450 1106 1495 1137 ed
1526 1114 1582 1147 pr.
1614 1106 1739 1139 Heins.

1003 1157 1042 1190 in
1069 1159 1218 1198 portus.
1278 1161 1374 1193 Gall.
1383 1183 1398 1203 ,
1445 1161 1617 1204 Pirekh.,
1662 1163 1739 1194 Iun.

1004 1216 1095 1247 etx
1133 1215 1194 1246 alii
1230 1206 1374 1258 nefins„
1411 1217 1568 1259 Dresd„
1613 1217 1739 1259 Goth„

1003 1271 1111 1312 Seg.,
1141 1270 1220 1302 Rel.
1255 1273 1292 1302 et
1321 1272 1376 1303 ed.
1403 1273 1541 1304 Bonon.
1579 1272 1739 1304 umbria.

1004 1325 1103 1356 Busl.
1129 1324 1290 1357 ombrioe
1333 1328 1446 1370 Leid.,
1460 1329 1564 1359 Rern.
1574 1331 1610 1361 et
1630 1329 1740 1362 Crev.

1002 1378 1183 1411 umbrica.
1230 1381 1338 1414 Alter
1360 1383 1439 1415 Pol.
1465 1381 1660 1415 cimbrica.

1053 1456 1105 1488 19.
1138 1456 1294 1499 Nacta,
1327 1461 1367 1491 ut
1398 1461 1486 1492 Met.
1518 1459 1626 1503 XIV,
1659 1461 1740 1493 440.

1002 1512 1140 1543 nactus
1168 1511 1239 1543 hoc
1267 1512 1370 1546 litus.
1419 1516 1619 1549 construe:
1642 1514 1740 1567 Inqe

1005 1565 1101 1608 levi,
1126 1575 1158 1607 q.
1183 1575 1213 1598 e.
1236 1568 1354 1611 facili,
1380 1570 1510 1613 celeri,
1534 1570 1646 1602 vento
1671 1557 1739 1602 cd-

1002 1620 1096 1654 rina
1125 1621 1231 1663 fessa
1252 1624 1484 1664 Zeryntlmm
1516 1626 1634 1658 nacta
1663 1627 1739 1663 (est

1001 1678 1083 1711 sive
1127 1678 1459 1723 appropinquavit,
1506 1684 1544 1713 et
1578 1682 1739 1718 tandem)

1004 1732 1125 1774 tetiyit
1146 1734 1463 1767 samothraciam.
1508 1737 1612 1770 Litus
1627 1738 1739 1779 igitur

1001 1789 1104 1830 legit,
1114 1790 1328 1827 Thracicum
1348 1790 1454 1827 ,navis
1466 1791 1635 1830 Nasonis
1641 1813 1658 1834 ,
1693 1791 1740 1829 ab

1001 1844 1126 1880 ,Imbro
1160 1845 1207 1876 ad
1235 1846 1370 1877 Samon
1404 1846 1619 1879 Thracicam
1656 1849 1739 1879 ten-

1004 1901 1105 1931 dens.
1150 1901 1241 1933 Nam
1264 1901 1481 1941 Zeryntlms
1513 1901 1551 1932 in
1571 1900 1738 1939 Thracia.

1003 1956 1126 1998 Steph.
1150 1956 1289 1989 Bizant.
1310 1965 1340 1988 s.
1362 1966 1398 1988 v.
1417 1951 1621 1997 Ζκὴρννθος.
1656 1956 1738 1988 Liv.

1003 2013 1199 2044 XXXVIII.
1225 2020 1257 2043 c.
1280 2011 1334 2045 41.
1385 2012 1503 2051 Atque
1535 2010 1739 2051 Zerynthia

1002 2066 1225 2107 potissimum
1246 2066 1361 2100 litora
1389 2073 1609 2102 memorasse
1631 2065 1738 2098 vide-

1003 2124 1082 2164 tur,
1113 2123 1153 2154 ut
1174 2121 1386 2162 dignitatem
1408 2122 1463 2154 rei
1499 2121 1715 2153 conciliaret
1724 2130 1737 2161 ;

1002 2184 1084 2208 nam
1124 2178 1230 2208 erant
1263 2176 1444 2216 Apollinis
1480 2175 1583 2209 cultu
1618 2175 1735 2208 clara.

1002 2232 1091 2266 Cum
1123 2232 1387 2272 Samothracen
1418 2232 1584 2264 venisset
1608 2230 1737 2272 poeta,

1000 2287 1120 2318 navim
1149 2282 1249 2318 illam
1282 2287 1399 2319 solam
1429 2287 1568 2321 remisit
1602 2295 1736 2326 versus

1001 2341 1302 2385 Hellespontum,
1330 2343 1378 2374 ad
1409 2351 1552 2380 cursum
1573 2349 1676 2375 suum
1698 2342 1735 2374 in

1004 2396 1192 2437 Scythiam
1238 2399 1275 2428 et
1307 2397 1439 2430 Tomos
1479 2399 1734 2440 peragendum.

1002 2451 1085 2491 Ipse
1108 2459 1199 2484 vero
1223 2451 1398 2492 reliquum
1432 2452 1504 2485 iter
1520 2462 1594 2494 per
1614 2454 1735 2487 Thra-

1007 2507 1100 2538 ciam
1131 2508 1234 2539 terra
1264 2507 1430 2543 facturus
1454 2509 1584 2542 mansit
1604 2509 1735 2548 insa-

1005 2562 1193 2593 mothrace
1226 2563 1263 2593 et
1296 2563 1367 2594 hoc
1396 2563 1444 2596 ibi
1468 2571 1614 2598 carmen
1636 2563 1735 2602 voti-

1002 2625 1084 2648 vum
1107 2625 1148 2648 se
1170 2618 1333 2650 scribere
1356 2618 1474 2660 fingit,
1496 2620 1535 2650 ut
1556 2618 1661 2650 navis
1684 2618 1735 2649 il-

1003 2672 1062 2714 la,
1097 2680 1188 2713 quae
1225 2673 1500 2714 Hellespontum
1534 2673 1735 2715 relegeret,
1782 2706 1809 2725 .-

1003 2727 1111 2758 salva
1133 2728 1263 2761 Tomos
1284 2729 1510 2770 perveniret,
1533 2729 1654 2761 altera
1677 2729 1735 2762 in-

1003 2791 1117 2824 super
1138 2787 1228 2816 vota
1249 2784 1284 2816 in
1309 2784 1379 2817 fine
1409 2783 1578 2817 carminis
1601 2785 1735 2819 addens

1006 2848 1074 2880 pro
1099 2840 1218 2872 altera
1240 2838 1462 2882 navi„}quae
1484 2840 1596 2880 ipsum
1617 2848 1644 2872 a
1665 2841 1736 2872 Sa-
