<?xml version="1.0" encoding="UTF-8"?>
<!DOCTYPE html PUBLIC "-//W3C//DTD XHTML 1.0 Transitional//EN"
    "http://www.w3.org/TR/xhtml1/DTD/xhtml1-transitional.dtd">
<html xmlns="http://www.w3.org/1999/xhtml" xml:lang="en" lang="en">
 <head>
  <title>
</title>
<meta http-equiv="Content-Type" content="text/html;charset=utf-8" />
  <meta name='ocr-system' content='tesseract 3.04.00' />
  <meta name='ocr-capabilities' content='ocr_page ocr_carea ocr_par ocr_line ocrx_word'/>
</head>
<body>
  <div class='ocr_page' id='page_1' title='image "./tristiumlibriqui00oviduoft_0339.png"; bbox 0 0 1846 3146; ppageno 0'>
   <div class='ocr_carea' id='block_1_1' title="bbox 507 191 1299 253">
    <p class='ocr_par' dir='ltr' id='par_1_1' title="bbox 507 191 1299 253">
     <span class='ocr_line' id='line_1_1' title="bbox 507 191 1299 253; baseline -0.006 -8"><span class='ocrx_word' id='word_1_1' title='bbox 507 194 637 245; x_wconf 86' lang='lat' dir='ltr'><strong>LIB.</strong></span> <span class='ocrx_word' id='word_1_2' title='bbox 671 194 760 244; x_wconf 90' lang='lat'>111.</span> <span class='ocrx_word' id='word_1_3' title='bbox 810 191 1014 250; x_wconf 69' lang='lat' dir='ltr'><strong>ELEG.</strong></span> <span class='ocrx_word' id='word_1_4' title='bbox 1049 192 1115 242; x_wconf 86' lang='lat' dir='ltr'><strong>X.</strong></span> <span class='ocrx_word' id='word_1_5' title='bbox 1150 191 1299 253; x_wconf 81' lang='lat' dir='ltr'><strong>(IX.)</strong></span> 
     </span>
    </p>
   </div>
   <div class='ocr_carea' id='block_1_2' title="bbox 1568 191 1665 242">
    <p class='ocr_par' dir='ltr' id='par_1_2' title="bbox 1568 191 1665 242">
     <span class='ocr_line' id='line_1_2' title="bbox 1568 191 1665 242; baseline 0 0"><span class='ocrx_word' id='word_1_6' title='bbox 1568 191 1665 242; x_wconf 81' lang='lat'><strong>301</strong></span> 
     </span>
    </p>
   </div>
   <div class='ocr_carea' id='block_1_3' title="bbox 133 312 1467 383">
    <p class='ocr_par' dir='ltr' id='par_1_3' title="bbox 133 312 1467 383">
     <span class='ocr_line' id='line_1_3' title="bbox 133 312 1467 383; baseline -0.004 -16"><span class='ocrx_word' id='word_1_7' title='bbox 133 317 273 382; x_wconf 77' lang='lat' dir='ltr'><strong>Ergo</strong></span> <span class='ocrx_word' id='word_1_8' title='bbox 306 316 390 366; x_wconf 88' lang='lat' dir='ltr'><strong>ubi</strong></span> <span class='ocrx_word' id='word_1_9' title='bbox 422 318 679 383; x_wconf 80' lang='lat' dir='ltr'><strong>prospexit</strong></span> <span class='ocrx_word' id='word_1_10' title='bbox 709 316 960 367; x_wconf 84' lang='lat' dir='ltr'><strong>venientia</strong></span> <span class='ocrx_word' id='word_1_11' title='bbox 991 313 1135 364; x_wconf 79' lang='lat' dir='ltr'><strong>vela:</strong></span> <span class='ocrx_word' id='word_1_12' title='bbox 1170 312 1467 374; x_wconf 88' lang='lat' dir='ltr'><strong>„Tenemur,</strong></span> 
     </span>
    </p>
   </div>
   <div class='ocr_carea' id='block_1_4' title="bbox 199 395 1448 466">
    <p class='ocr_par' dir='ltr' id='par_1_4' title="bbox 199 395 1448 466">
     <span class='ocr_line' id='line_1_4' title="bbox 199 395 1448 466; baseline -0.005 -17"><span class='ocrx_word' id='word_1_13' title='bbox 199 400 303 461; x_wconf 81' lang='lat' dir='ltr'><strong>„Et</strong></span> <span class='ocrx_word' id='word_1_14' title='bbox 334 405 475 466; x_wconf 89' lang='lat' dir='ltr'><strong>pater</strong></span> <span class='ocrx_word' id='word_1_15' title='bbox 507 405 584 449; x_wconf 85' lang='lat' dir='ltr'><strong>est</strong></span> <span class='ocrx_word' id='word_1_16' title='bbox 613 399 777 464; x_wconf 87' lang='lat' dir='ltr'><strong>aliqua</strong></span> <span class='ocrx_word' id='word_1_17' title='bbox 807 396 985 448; x_wconf 86' lang='lat' dir='ltr'><strong>fraude</strong></span> <span class='ocrx_word' id='word_1_18' title='bbox 1019 395 1332 456; x_wconf 75' lang='lat' dir='ltr'><strong>moranduS‚“</strong></span> <span class='ocrx_word' id='word_1_19' title='bbox 1365 397 1448 444; x_wconf 89' lang='lat' dir='ltr'><strong>ait.</strong></span> 
     </span>
    </p>
   </div>
   <div class='ocr_carea' id='block_1_5' title="bbox 1598 395 1665 444">
    <p class='ocr_par' dir='ltr' id='par_1_5' title="bbox 1598 395 1665 444">
     <span class='ocr_line' id='line_1_5' title="bbox 1598 395 1665 444; baseline 0.015 -1"><span class='ocrx_word' id='word_1_20' title='bbox 1598 395 1665 444; x_wconf 79' lang='lat'><strong>2⁰</strong></span> 
     </span>
    </p>
   </div>
   <div class='ocr_carea' id='block_1_6' title="bbox 134 476 1662 791">
    <p class='ocr_par' dir='ltr' id='par_1_6' title="bbox 134 476 1662 614">
     <span class='ocr_line' id='line_1_6' title="bbox 134 476 1662 548; baseline -0.005 -15"><span class='ocrx_word' id='word_1_21' title='bbox 134 482 261 532; x_wconf 88' lang='lat' dir='ltr'><strong>Dum</strong></span> <span class='ocrx_word' id='word_1_22' title='bbox 295 482 413 548; x_wconf 83' lang='lat' dir='ltr'><strong>quid</strong></span> <span class='ocrx_word' id='word_1_23' title='bbox 445 488 561 548; x_wconf 83' lang='lat' dir='ltr'><strong>agat</strong></span> <span class='ocrx_word' id='word_1_24' title='bbox 593 483 796 548; x_wconf 85' lang='lat' dir='ltr'><strong>quaerit,</strong></span> <span class='ocrx_word' id='word_1_25' title='bbox 833 480 945 530; x_wconf 87' lang='lat' dir='ltr'><strong>dum</strong></span> <span class='ocrx_word' id='word_1_26' title='bbox 989 483 1159 528; x_wconf 84' lang='lat' dir='ltr'><strong>versat</strong></span> <span class='ocrx_word' id='word_1_27' title='bbox 1192 480 1245 527; x_wconf 91' lang='lat' dir='ltr'><strong>in</strong></span> <span class='ocrx_word' id='word_1_28' title='bbox 1278 479 1444 529; x_wconf 89' lang='lat' dir='ltr'><strong>omnia</strong></span> <span class='ocrx_word' id='word_1_29' title='bbox 1475 476 1662 538; x_wconf 76' lang='lat' dir='ltr'><strong>vultus,</strong></span> 
     </span>
     <span class='ocr_line' id='line_1_7' title="bbox 198 560 1202 614; baseline -0.005 0"><span class='ocrx_word' id='word_1_30' title='bbox 198 565 286 614; x_wconf 90' lang='lat' dir='ltr'><strong>Ad</strong></span> <span class='ocrx_word' id='word_1_31' title='bbox 318 564 517 614; x_wconf 87' lang='lat' dir='ltr'><strong>fratrem</strong></span> <span class='ocrx_word' id='word_1_32' title='bbox 552 579 670 614; x_wconf 84' lang='lat' dir='ltr'><strong>casu</strong></span> <span class='ocrx_word' id='word_1_33' title='bbox 702 564 884 613; x_wconf 91' lang='lat' dir='ltr'><strong>lumina</strong></span> <span class='ocrx_word' id='word_1_34' title='bbox 915 564 1048 612; x_wconf 86' lang='lat' dir='ltr'><strong>flexa</strong></span> <span class='ocrx_word' id='word_1_35' title='bbox 1076 560 1202 611; x_wconf 87' lang='lat' dir='ltr'><strong>tulit.</strong></span> 
     </span>
    </p>

    <p class='ocr_par' dir='ltr' id='par_1_7' title="bbox 136 637 1583 791">
     <span class='ocr_line' id='line_1_8' title="bbox 136 637 1583 714; baseline -0.005 -16"><span class='ocrx_word' id='word_1_36' title='bbox 136 645 291 698; x_wconf 82' lang='lat' dir='ltr'><strong>Cuius</strong></span> <span class='ocrx_word' id='word_1_37' title='bbox 323 650 377 696; x_wconf 88' lang='lat' dir='ltr'><strong>ut</strong></span> <span class='ocrx_word' id='word_1_38' title='bbox 408 647 578 697; x_wconf 82' lang='lat' dir='ltr'><strong>oblata</strong></span> <span class='ocrx_word' id='word_1_39' title='bbox 609 652 687 696; x_wconf 88' lang='lat' dir='ltr'><strong>est</strong></span> <span class='ocrx_word' id='word_1_40' title='bbox 718 647 1022 714; x_wconf 86' lang='lat' dir='ltr'><strong>praesentia,</strong></span> <span class='ocrx_word' id='word_1_41' title='bbox 1058 637 1367 705; x_wconf 56' lang='lat' dir='ltr'><strong>„Vicimus‘ss&#39;</strong></span> <span class='ocrx_word' id='word_1_42' title='bbox 1402 644 1583 708; x_wconf 88' lang='lat' dir='ltr'><strong>inquit:</strong></span> 
     </span>
     <span class='ocr_line' id='line_1_9' title="bbox 199 726 1368 791; baseline -0.005 -12"><span class='ocrx_word' id='word_1_43' title='bbox 199 729 333 791; x_wconf 85' lang='lat' dir='ltr'><strong>„Hic</strong></span> <span class='ocrx_word' id='word_1_44' title='bbox 365 729 479 778; x_wconf 87' lang='lat' dir='ltr'><strong>mihi</strong></span> <span class='ocrx_word' id='word_1_45' title='bbox 510 734 664 779; x_wconf 88' lang='lat' dir='ltr'><strong>morte</strong></span> <span class='ocrx_word' id='word_1_46' title='bbox 698 747 788 779; x_wconf 81' lang='lat' dir='ltr'><strong>sua</strong></span> <span class='ocrx_word' id='word_1_47' title='bbox 823 744 972 778; x_wconf 86' lang='lat' dir='ltr'><strong>causa</strong></span> <span class='ocrx_word' id='word_1_48' title='bbox 1006 726 1180 776; x_wconf 68' lang='lat' dir='ltr'><strong>talutis</strong></span> <span class='ocrx_word' id='word_1_49' title='bbox 1218 727 1368 775; x_wconf 86' lang='lat' dir='ltr'><strong>erit.“</strong></span> 
     </span>
    </p>
   </div>
   <div class='ocr_carea' id='block_1_7' title="bbox 132 809 1347 884">
    <p class='ocr_par' dir='ltr' id='par_1_8' title="bbox 132 809 1347 884">
     <span class='ocr_line' id='line_1_10' title="bbox 132 809 1347 884; baseline -0.007 -21"><span class='ocrx_word' id='word_1_50' title='bbox 132 812 365 863; x_wconf 84' lang='lat' dir='ltr'><strong>Protinus</strong></span> <span class='ocrx_word' id='word_1_51' title='bbox 396 814 556 877; x_wconf 83' lang='lat' dir='ltr'><strong>ignari</strong></span> <span class='ocrx_word' id='word_1_52' title='bbox 587 828 682 884; x_wconf 79' lang='lat' dir='ltr'><strong>nee</strong></span> <span class='ocrx_word' id='word_1_53' title='bbox 715 813 968 877; x_wconf 85' lang='lat' dir='ltr'><strong>quicquam</strong></span> <span class='ocrx_word' id='word_1_54' title='bbox 1001 809 1102 858; x_wconf 86' lang='lat' dir='ltr'><strong>tale</strong></span> <span class='ocrx_word' id='word_1_55' title='bbox 1135 809 1347 857; x_wconf 86' lang='lat' dir='ltr'><strong>timentis</strong></span> 
     </span>
    </p>
   </div>
   <div class='ocr_carea' id='block_1_8' title="bbox 1594 809 1661 858">
    <p class='ocr_par' dir='ltr' id='par_1_9' title="bbox 1594 809 1661 858">
     <span class='ocr_line' id='line_1_11' title="bbox 1594 809 1661 858; baseline 0.015 -1"><span class='ocrx_word' id='word_1_56' title='bbox 1594 809 1661 858; x_wconf 82' lang='lat'><strong>25</strong></span> 
     </span>
    </p>
   </div>
   <div class='ocr_carea' id='block_1_9' title="bbox 131 889 1529 1137">
    <p class='ocr_par' dir='ltr' id='par_1_10' title="bbox 131 889 1529 1137">
     <span class='ocr_line' id='line_1_12' title="bbox 171 889 1242 960; baseline -0.007 -15"><span class='ocrx_word' id='word_1_57' title='bbox 171 893 462 944; x_wconf 80' lang='lat' dir='ltr'><strong>&#39;Innocuam</strong></span> <span class='ocrx_word' id='word_1_58' title='bbox 494 894 656 960; x_wconf 83' lang='lat' dir='ltr'><strong>rigido</strong></span> <span class='ocrx_word' id='word_1_59' title='bbox 688 893 908 960; x_wconf 84' lang='lat' dir='ltr'><strong>perforat</strong></span> <span class='ocrx_word' id='word_1_60' title='bbox 942 905 1060 941; x_wconf 86' lang='lat' dir='ltr'><strong>ense</strong></span> <span class='ocrx_word' id='word_1_61' title='bbox 1095 889 1242 950; x_wconf 75' lang='lat' dir='ltr'><strong>latae,</strong></span> 
     </span>
     <span class='ocr_line' id='line_1_13' title="bbox 131 962 1529 1043; baseline -0.003 -16"><span class='ocrx_word' id='word_1_62' title='bbox 131 962 299 1043; x_wconf 52' lang='lat' dir='ltr'><strong>Atque</strong></span> <span class='ocrx_word' id='word_1_63' title='bbox 330 978 401 1026; x_wconf 87' lang='lat' dir='ltr'><strong>ita</strong></span> <span class='ocrx_word' id='word_1_64' title='bbox 435 976 648 1038; x_wconf 85' lang='lat' dir='ltr'><strong>divellit,</strong></span> <span class='ocrx_word' id='word_1_65' title='bbox 685 975 979 1040; x_wconf 82' lang='lat' dir='ltr'><strong>divulsaque</strong></span> <span class='ocrx_word' id='word_1_66' title='bbox 1011 972 1224 1023; x_wconf 82' lang='lat' dir='ltr'><strong>membra</strong></span> <span class='ocrx_word' id='word_1_67' title='bbox 1256 987 1347 1040; x_wconf 91' lang='lat' dir='ltr'><strong>per</strong></span> <span class='ocrx_word' id='word_1_68' title='bbox 1379 987 1529 1038; x_wconf 83' lang='lat' dir='ltr'><strong>agros</strong></span> 
     </span>
     <span class='ocr_line' id='line_1_14' title="bbox 147 1049 1197 1137; baseline -0.007 -27"><span class='ocrx_word' id='word_1_69' title='bbox 147 1129 149 1131; x_wconf 22' lang='lat'>¹</span> <span class='ocrx_word' id='word_1_70' title='bbox 180 1049 421 1137; x_wconf 68' lang='lat' dir='ltr'><strong>&#39;Dissipat</strong></span> <span class='ocrx_word' id='word_1_71' title='bbox 451 1062 503 1109; x_wconf 92' lang='lat' dir='ltr'><strong>in</strong></span> <span class='ocrx_word' id='word_1_72' title='bbox 530 1059 694 1136; x_wconf 84' lang='lat' dir='ltr'><strong>multis</strong></span> <span class='ocrx_word' id='word_1_73' title='bbox 725 1055 1023 1110; x_wconf 85' lang='lat' dir='ltr'><strong>invenienda</strong></span> <span class='ocrx_word' id='word_1_74' title='bbox 1055 1055 1197 1105; x_wconf 81' lang='lat' dir='ltr'><strong>loeis,</strong></span> 
     </span>
    </p>
   </div>
   <div class='ocr_carea' id='block_1_10' title="bbox 132 1207 866 2145">
    <p class='ocr_par' dir='ltr' id='par_1_11' title="bbox 132 1207 866 1414">
     <span class='ocr_line' id='line_1_15' title="bbox 199 1207 865 1254; baseline -0.003 -9"><span class='ocrx_word' id='word_1_75' title='bbox 199 1210 253 1246; x_wconf 84' lang='grc'><strong>18.</strong></span> <span class='ocrx_word' id='word_1_76' title='bbox 286 1209 426 1246; x_wconf 69' lang='lat' dir='ltr'><strong>Pauor</strong></span> <span class='ocrx_word' id='word_1_77' title='bbox 455 1207 498 1243; x_wconf 74' lang='grc' dir='ltr'><strong>ιἰι</strong></span> <span class='ocrx_word' id='word_1_78' title='bbox 531 1207 865 1254; x_wconf 64' lang='lat' dir='ltr'><strong>attonitae—fade.</strong></span> 
     </span>
     <span class='ocr_line' id='line_1_16' title="bbox 133 1257 866 1306; baseline 0.001 -9"><span class='ocrx_word' id='word_1_79' title='bbox 133 1263 185 1297; x_wconf 76' lang='lat' dir='ltr'><strong>In</strong></span> <span class='ocrx_word' id='word_1_80' title='bbox 226 1273 296 1298; x_wconf 78' lang='lat' dir='ltr'><strong>ore</strong></span> <span class='ocrx_word' id='word_1_81' title='bbox 328 1265 434 1297; x_wconf 72' lang='lat' dir='ltr'><strong>sedet</strong></span> <span class='ocrx_word' id='word_1_82' title='bbox 464 1266 541 1298; x_wconf 80' lang='lat' dir='ltr'><strong>tres</strong></span> <span class='ocrx_word' id='word_1_83' title='bbox 573 1263 703 1306; x_wconf 86' lang='lat' dir='ltr'><strong>scripti</strong></span> <span class='ocrx_word' id='word_1_84' title='bbox 733 1257 866 1303; x_wconf 82' lang='lat' dir='ltr'><strong>(etiam</strong></span> 
     </span>
     <span class='ocr_line' id='line_1_17' title="bbox 133 1318 864 1364; baseline 0.004 -13"><span class='ocrx_word' id='word_1_85' title='bbox 133 1318 276 1361; x_wconf 55' lang='lat' dir='ltr'><strong>sege-J,</strong></span> <span class='ocrx_word' id='word_1_86' title='bbox 306 1320 399 1360; x_wconf 78' lang='lat' dir='ltr'><strong>quod</strong></span> <span class='ocrx_word' id='word_1_87' title='bbox 433 1319 643 1361; x_wconf 73' lang='lat' dir='ltr'><strong>amplector.</strong></span> <span class='ocrx_word' id='word_1_88' title='bbox 687 1321 777 1353; x_wconf 73' lang='lat' dir='ltr'><strong>Met.</strong></span> <span class='ocrx_word' id='word_1_89' title='bbox 812 1323 864 1364; x_wconf 89' lang='lat'><strong>11,</strong></span> 
     </span>
     <span class='ocr_line' id='line_1_18' title="bbox 132 1372 861 1414; baseline 0.005 -9"><span class='ocrx_word' id='word_1_90' title='bbox 132 1373 210 1406; x_wconf 74' lang='lat'><strong>7¹75.</strong></span> <span class='ocrx_word' id='word_1_91' title='bbox 229 1373 365 1414; x_wconf 71' lang='lat' dir='ltr'><strong>pallor</strong></span> <span class='ocrx_word' id='word_1_92' title='bbox 391 1372 433 1406; x_wconf 72' lang='lat' dir='ltr'><strong>in</strong></span> <span class='ocrx_word' id='word_1_93' title='bbox 464 1382 531 1407; x_wconf 81' lang='lat' dir='ltr'><strong>ore</strong></span> <span class='ocrx_word' id='word_1_94' title='bbox 564 1375 678 1408; x_wconf 76' lang='lat' dir='ltr'><strong>sedet.</strong></span> <span class='ocrx_word' id='word_1_95' title='bbox 736 1377 861 1409; x_wconf 85' lang='lat' dir='ltr'><strong>luven.</strong></span> 
     </span>
    </p>

    <p class='ocr_par' dir='ltr' id='par_1_12' title="bbox 148 1502 862 1584">
     <span class='ocr_line' id='line_1_19' title="bbox 196 1502 862 1541; baseline 0.003 -9"><span class='ocrx_word' id='word_1_96' title='bbox 196 1502 236 1532; x_wconf 63' lang='lat'><strong>11</strong></span> <span class='ocrx_word' id='word_1_97' title='bbox 257 1505 384 1540; x_wconf 67' lang='lat' dir='ltr'><strong>quorum</strong></span> <span class='ocrx_word' id='word_1_98' title='bbox 409 1503 489 1534; x_wconf 70' lang='lat' dir='ltr'><strong>heio</strong></span> <span class='ocrx_word' id='word_1_99' title='bbox 517 1505 647 1541; x_wconf 68' lang='lat' dir='ltr'><strong>miserae</strong></span> <span class='ocrx_word' id='word_1_100' title='bbox 674 1511 862 1541; x_wconf 69' lang='lat' dir='ltr'><strong>magnaeque</strong></span> 
     </span>
     <span class='ocr_line' id='line_1_20' title="bbox 148 1549 653 1584; baseline 0.012 -11"><span class='ocrx_word' id='word_1_101' title='bbox 148 1570 163 1584; x_wconf 63' lang='lat'><strong>,·</strong></span> <span class='ocrx_word' id='word_1_102' title='bbox 374 1571 378 1573; x_wconf 93' lang='lat'>.</span> <span class='ocrx_word' id='word_1_103' title='bbox 525 1549 653 1579; x_wconf 74' lang='lat' dir='ltr'><strong>sedebat</strong></span> 
     </span>
    </p>

    <p class='ocr_par' dir='ltr' id='par_1_13' title="bbox 132 1590 862 2145">
     <span class='ocr_line' id='line_1_21' title="bbox 198 1590 636 1641; baseline 0.002 -19"><span class='ocrx_word' id='word_1_104' title='bbox 198 1590 301 1637; x_wconf 63' lang='lat' dir='ltr'><strong>Pallor</strong></span> <span class='ocrx_word' id='word_1_105' title='bbox 319 1594 482 1623; x_wconf 67' lang='lat' dir='ltr'><strong>amicitiae.</strong></span> <span class='ocrx_word' id='word_1_106' title='bbox 631 1638 636 1641; x_wconf 31' lang='grc' dir='ltr'><em>Π</em></span> 
     </span>
     <span class='ocr_line' id='line_1_22' title="bbox 132 1661 859 1703; baseline 0 -9"><span class='ocrx_word' id='word_1_107' title='bbox 132 1661 258 1703; x_wconf 80' lang='lat' dir='ltr'><strong>Neque</strong></span> <span class='ocrx_word' id='word_1_108' title='bbox 278 1662 388 1696; x_wconf 75' lang='lat' dir='ltr'><strong>aliter</strong></span> <span class='ocrx_word' id='word_1_109' title='bbox 410 1671 458 1695; x_wconf 87' lang='lat' dir='ltr'><strong>ex</strong></span> <span class='ocrx_word' id='word_1_110' title='bbox 480 1663 616 1696; x_wconf 75' lang='lat' dir='ltr'><strong>Arond.</strong></span> <span class='ocrx_word' id='word_1_111' title='bbox 634 1663 859 1697; x_wconf 81' lang='lat' dir='ltr'><strong>Gron.0bss.</strong></span> 
     </span>
     <span class='ocr_line' id='line_1_23' title="bbox 133 1718 861 1761; baseline 0.003 -12"><span class='ocrx_word' id='word_1_112' title='bbox 133 1718 182 1749; x_wconf 89' lang='lat'><strong>11.</strong></span> <span class='ocrx_word' id='word_1_113' title='bbox 194 1726 224 1750; x_wconf 86' lang='lat' dir='ltr'><strong>c.</strong></span> <span class='ocrx_word' id='word_1_114' title='bbox 243 1719 289 1761; x_wconf 81' lang='grc'><strong>3.,</strong></span> <span class='ocrx_word' id='word_1_115' title='bbox 312 1718 371 1759; x_wconf 84' lang='lat' dir='ltr'><strong>qui</strong></span> <span class='ocrx_word' id='word_1_116' title='bbox 392 1720 553 1752; x_wconf 84' lang='lat' dir='ltr'><strong>adeatur.</strong></span> <span class='ocrx_word' id='word_1_117' title='bbox 598 1719 727 1751; x_wconf 82' lang='lat' dir='ltr'><strong>Scribe</strong></span> <span class='ocrx_word' id='word_1_118' title='bbox 749 1727 861 1760; x_wconf 81' lang='lat' dir='ltr'><strong>prae-</strong></span> 
     </span>
     <span class='ocr_line' id='line_1_24' title="bbox 135 1772 861 1814; baseline 0.001 -11"><span class='ocrx_word' id='word_1_119' title='bbox 135 1772 240 1804; x_wconf 78' lang='lat' dir='ltr'><strong>terea</strong></span> <span class='ocrx_word' id='word_1_120' title='bbox 261 1772 424 1805; x_wconf 73' lang='lat' dir='ltr'><strong>attonito</strong></span> <span class='ocrx_word' id='word_1_121' title='bbox 448 1782 527 1806; x_wconf 87' lang='lat' dir='ltr'><strong>cum</strong></span> <span class='ocrx_word' id='word_1_122' title='bbox 549 1773 651 1806; x_wconf 86' lang='lat' dir='ltr'><strong>Leid.</strong></span> <span class='ocrx_word' id='word_1_123' title='bbox 674 1782 743 1814; x_wconf 91' lang='lat' dir='ltr'><strong>pro</strong></span> <span class='ocrx_word' id='word_1_124' title='bbox 762 1773 861 1814; x_wconf 84' lang='lat' dir='ltr'><strong>vulg.</strong></span> 
     </span>
     <span class='ocr_line' id='line_1_25' title="bbox 134 1825 861 1861; baseline 0.001 -3"><span class='ocrx_word' id='word_1_125' title='bbox 134 1825 332 1860; x_wconf 71' lang='lat' dir='ltr'><strong>attonitae.</strong></span> <span class='ocrx_word' id='word_1_126' title='bbox 377 1827 522 1860; x_wconf 72' lang='grc' dir='ltr'>ΗιιιΝε.</span> <span class='ocrx_word' id='word_1_127' title='bbox 566 1829 647 1861; x_wconf 81' lang='lat' dir='ltr'><strong>Bel.</strong></span> <span class='ocrx_word' id='word_1_128' title='bbox 670 1829 777 1861; x_wconf 88' lang='lat' dir='ltr'><strong>etiam</strong></span> <span class='ocrx_word' id='word_1_129' title='bbox 799 1829 861 1859; x_wconf 82' lang='lat' dir='ltr'><strong>at-</strong></span> 
     </span>
     <span class='ocr_line' id='line_1_26' title="bbox 137 1880 862 1924; baseline 0.003 -10"><span class='ocrx_word' id='word_1_130' title='bbox 137 1880 266 1914; x_wconf 69' lang='lat' dir='ltr'><strong>consto.</strong></span> <span class='ocrx_word' id='word_1_131' title='bbox 318 1882 511 1924; x_wconf 77' lang='lat' dir='ltr'><strong>Scriptura</strong></span> <span class='ocrx_word' id='word_1_132' title='bbox 532 1884 636 1915; x_wconf 76' lang='lat' dir='ltr'><strong>sedet</strong></span> <span class='ocrx_word' id='word_1_133' title='bbox 654 1883 733 1915; x_wconf 88' lang='lat' dir='ltr'><strong>sine</strong></span> <span class='ocrx_word' id='word_1_134' title='bbox 757 1882 862 1916; x_wconf 89' lang='lat' dir='ltr'><strong>dubi-</strong></span> 
     </span>
     <span class='ocr_line' id='line_1_27' title="bbox 136 1937 862 1971; baseline -0.001 -1"><span class='ocrx_word' id='word_1_135' title='bbox 136 1937 274 1970; x_wconf 78' lang='lat' dir='ltr'><strong>tatione</strong></span> <span class='ocrx_word' id='word_1_136' title='bbox 294 1938 455 1971; x_wconf 76' lang='lat' dir='ltr'><strong>manavit</strong></span> <span class='ocrx_word' id='word_1_137' title='bbox 477 1946 522 1971; x_wconf 88' lang='lat' dir='ltr'><strong>ex</strong></span> <span class='ocrx_word' id='word_1_138' title='bbox 543 1939 608 1971; x_wconf 93' lang='lat' dir='ltr'><strong>illo</strong></span> <span class='ocrx_word' id='word_1_139' title='bbox 630 1938 716 1971; x_wconf 83' lang='lat' dir='ltr'><strong>loeo</strong></span> <span class='ocrx_word' id='word_1_140' title='bbox 739 1939 862 1970; x_wconf 72' lang='lat' dir='ltr'><strong>Meta-</strong></span> 
     </span>
     <span class='ocr_line' id='line_1_28' title="bbox 134 1991 861 2034; baseline 0.001 -10"><span class='ocrx_word' id='word_1_141' title='bbox 134 1993 387 2033; x_wconf 77' lang='lat' dir='ltr'><strong>morphoseon.</strong></span> <span class='ocrx_word' id='word_1_142' title='bbox 430 1994 555 2034; x_wconf 80' lang='lat' dir='ltr'><strong>Neque</strong></span> <span class='ocrx_word' id='word_1_143' title='bbox 581 1991 742 2026; x_wconf 79' lang='lat' dir='ltr'><strong>attonito</strong></span> <span class='ocrx_word' id='word_1_144' title='bbox 763 1992 861 2025; x_wconf 83' lang='lat' dir='ltr'><strong>invi-&#39;</strong></span> 
     </span>
     <span class='ocr_line' id='line_1_29' title="bbox 135 2046 860 2082; baseline 0.003 -3"><span class='ocrx_word' id='word_1_145' title='bbox 135 2046 184 2080; x_wconf 78' lang='lat' dir='ltr'><strong>tis</strong></span> <span class='ocrx_word' id='word_1_146' title='bbox 204 2046 306 2080; x_wconf 81' lang='lat' dir='ltr'><strong>libris</strong></span> <span class='ocrx_word' id='word_1_147' title='bbox 323 2053 465 2080; x_wconf 81' lang='lat' dir='ltr'><strong>novare</strong></span> <span class='ocrx_word' id='word_1_148' title='bbox 486 2049 617 2081; x_wconf 84' lang='lat' dir='ltr'><strong>audeo.</strong></span> <span class='ocrx_word' id='word_1_149' title='bbox 649 2048 731 2082; x_wconf 85' lang='lat' dir='ltr'><strong>Vid.</strong></span> <span class='ocrx_word' id='word_1_150' title='bbox 745 2047 860 2081; x_wconf 84' lang='lat' dir='ltr'><strong>omni-</strong></span> 
     </span>
     <span class='ocr_line' id='line_1_30' title="bbox 134 2102 758 2145; baseline 0.002 -11"><span class='ocrx_word' id='word_1_151' title='bbox 134 2107 183 2134; x_wconf 78' lang='lat' dir='ltr'><strong>no</strong></span> <span class='ocrx_word' id='word_1_152' title='bbox 204 2103 278 2134; x_wconf 88' lang='lat' dir='ltr'><strong>not.</strong></span> <span class='ocrx_word' id='word_1_153' title='bbox 293 2102 348 2134; x_wconf 70' lang='lat' dir='ltr'><strong>ad</strong></span> <span class='ocrx_word' id='word_1_154' title='bbox 370 2103 440 2144; x_wconf 91' lang='lat'><em>111,</em></span> <span class='ocrx_word' id='word_1_155' title='bbox 463 2103 499 2145; x_wconf 86' lang='grc'><strong>3,</strong></span> <span class='ocrx_word' id='word_1_156' title='bbox 521 2102 576 2135; x_wconf 83' lang='grc'><strong>20.</strong></span> <span class='ocrx_word' id='word_1_157' title='bbox 754 2116 758 2120; x_wconf 83' lang='grc'><em>·</em></span> 
     </span>
    </p>
   </div>
   <div class='ocr_carea' id='block_1_11' title="bbox 136 2176 860 2333">
    <p class='ocr_par' dir='ltr' id='par_1_14' title="bbox 136 2176 860 2333">
     <span class='ocr_line' id='line_1_31' title="bbox 181 2176 858 2222; baseline 0.005 -12"><span class='ocrx_word' id='word_1_158' title='bbox 181 2177 235 2211; x_wconf 79' lang='grc'><strong>19.</strong></span> <span class='ocrx_word' id='word_1_159' title='bbox 269 2176 376 2220; x_wconf 63' lang='lat' dir='ltr'><strong>Ergo</strong></span> <span class='ocrx_word' id='word_1_160' title='bbox 410 2178 482 2212; x_wconf 72' lang='lat' dir='ltr'><strong>ubi.</strong></span> <span class='ocrx_word' id='word_1_161' title='bbox 546 2179 648 2214; x_wconf 81' lang='lat' dir='ltr'><strong>Leid.</strong></span> <span class='ocrx_word' id='word_1_162' title='bbox 681 2187 771 2222; x_wconf 68' lang='lat' dir='ltr'><strong>erqo</strong></span> <span class='ocrx_word' id='word_1_163' title='bbox 804 2180 858 2213; x_wconf 78' lang='lat' dir='ltr'><strong>ut.</strong></span> 
     </span>
     <span class='ocr_line' id='line_1_32' title="bbox 136 2234 859 2285; baseline 0.007 -21"><span class='ocrx_word' id='word_1_164' title='bbox 136 2234 247 2275; x_wconf 63' lang='lat' dir='ltr'><strong>Busl„</strong></span> <span class='ocrx_word' id='word_1_165' title='bbox 268 2234 345 2266; x_wconf 86' lang='lat' dir='ltr'><strong>Iun.</strong></span> <span class='ocrx_word' id='word_1_166' title='bbox 367 2236 406 2267; x_wconf 85' lang='lat' dir='ltr'><strong>et</strong></span> <span class='ocrx_word' id='word_1_167' title='bbox 425 2236 505 2285; x_wconf 75' lang='lat' dir='ltr'><strong>Bel.</strong></span> <span class='ocrx_word' id='word_1_168' title='bbox 532 2235 738 2278; x_wconf 70' lang='lat' dir='ltr'><strong>conspe-vit.</strong></span> <span class='ocrx_word' id='word_1_169' title='bbox 781 2238 859 2269; x_wconf 85' lang='lat' dir='ltr'><strong>Iun.</strong></span> 
     </span>
     <span class='ocr_line' id='line_1_33' title="bbox 138 2287 860 2333; baseline 0.001 -12"><span class='ocrx_word' id='word_1_170' title='bbox 138 2287 295 2328; x_wconf 73' lang='lat' dir='ltr'><strong>etheid.</strong></span> <span class='ocrx_word' id='word_1_171' title='bbox 318 2289 405 2323; x_wconf 82' lang='lat' dir='ltr'><strong>tela.</strong></span> <span class='ocrx_word' id='word_1_172' title='bbox 431 2291 569 2324; x_wconf 75' lang='grc' dir='ltr'>Βσιυι.</span> <span class='ocrx_word' id='word_1_173' title='bbox 594 2292 723 2325; x_wconf 87' lang='lat' dir='ltr'><strong>Dresd.</strong></span> <span class='ocrx_word' id='word_1_174' title='bbox 732 2299 860 2333; x_wconf 79' lang='lat' dir='ltr'><strong>persp.</strong></span> 
     </span>
    </p>
   </div>
   <div class='ocr_carea' id='block_1_12' title="bbox 137 2364 861 2905">
    <p class='ocr_par' dir='ltr' id='par_1_15' title="bbox 137 2364 861 2905">
     <span class='ocr_line' id='line_1_34' title="bbox 181 2364 859 2411; baseline 0.009 -13"><span class='ocrx_word' id='word_1_175' title='bbox 181 2365 236 2398; x_wconf 83' lang='grc'><strong>20.</strong></span> <span class='ocrx_word' id='word_1_176' title='bbox 267 2364 489 2400; x_wconf 66' lang='lat' dir='ltr'><strong>morandus.</strong></span> <span class='ocrx_word' id='word_1_177' title='bbox 551 2364 635 2401; x_wconf 52' lang='lat' dir='ltr'><strong>Polss</strong></span> <span class='ocrx_word' id='word_1_178' title='bbox 653 2369 683 2402; x_wconf 89' lang='lat'><strong>1.</strong></span> <span class='ocrx_word' id='word_1_179' title='bbox 719 2372 757 2403; x_wconf 90' lang='lat' dir='ltr'><strong>et</strong></span> <span class='ocrx_word' id='word_1_180' title='bbox 790 2379 859 2411; x_wconf 87' lang='lat' dir='ltr'><strong>pro</strong></span> 
     </span>
     <span class='ocr_line' id='line_1_35' title="bbox 137 2419 861 2459; baseline 0.01 -7"><span class='ocrx_word' id='word_1_181' title='bbox 137 2427 217 2452; x_wconf 75' lang='lat' dir='ltr'><strong>var.</strong></span> <span class='ocrx_word' id='word_1_182' title='bbox 238 2419 363 2459; x_wconf 80' lang='lat' dir='ltr'><strong>script.</strong></span> <span class='ocrx_word' id='word_1_183' title='bbox 386 2421 484 2453; x_wconf 78' lang='lat' dir='ltr'><strong>Gott.</strong></span> <span class='ocrx_word' id='word_1_184' title='bbox 508 2421 696 2458; x_wconf 78' lang='lat' dir='ltr'><strong>tenendus.</strong></span> <span class='ocrx_word' id='word_1_185' title='bbox 746 2426 861 2458; x_wconf 85' lang='lat' dir='ltr'><strong>Heiu-</strong></span> 
     </span>
     <span class='ocr_line' id='line_1_36' title="bbox 137 2473 860 2513; baseline 0.011 -8"><span class='ocrx_word' id='word_1_186' title='bbox 137 2474 212 2506; x_wconf 83' lang='lat' dir='ltr'><strong>sius</strong></span> <span class='ocrx_word' id='word_1_187' title='bbox 235 2473 465 2508; x_wconf 66' lang='lat' dir='ltr'><strong>conficiebat:</strong></span> <span class='ocrx_word' id='word_1_188' title='bbox 489 2476 702 2511; x_wconf 77' lang='lat' dir='ltr'><strong>tenemur</strong></span> <span class='ocrx_word' id='word_1_189' title='bbox 724 2480 860 2513; x_wconf 59' lang='lat' dir='ltr'><strong>metm.</strong></span> 
     </span>
     <span class='ocr_line' id='line_1_37' title="bbox 139 2530 861 2577; baseline 0.01 -16"><span class='ocrx_word' id='word_1_190' title='bbox 139 2530 367 2562; x_wconf 74' lang='lat' dir='ltr'><strong>tenendus.</strong></span> <span class='ocrx_word' id='word_1_191' title='bbox 417 2531 470 2563; x_wconf 79' lang='lat' dir='ltr'><strong>&#39;ru</strong></span> <span class='ocrx_word' id='word_1_192' title='bbox 500 2538 653 2571; x_wconf 81' lang='lat' dir='ltr'><strong>sequere</strong></span> <span class='ocrx_word' id='word_1_193' title='bbox 674 2536 861 2577; x_wconf 81' lang='lat' dir='ltr'><strong>vulgatam</strong></span> 
     </span>
     <span class='ocr_line' id='line_1_38' title="bbox 137 2585 861 2621; baseline 0.008 -6"><span class='ocrx_word' id='word_1_194' title='bbox 137 2585 353 2618; x_wconf 76' lang='lat' dir='ltr'><strong>morundus.</strong></span> <span class='ocrx_word' id='word_1_195' title='bbox 399 2586 495 2618; x_wconf 87' lang='lat' dir='ltr'><strong>Illud</strong></span> <span class='ocrx_word' id='word_1_196' title='bbox 518 2587 555 2618; x_wconf 83' lang='lat' dir='ltr'><strong>et</strong></span> <span class='ocrx_word' id='word_1_197' title='bbox 576 2590 695 2620; x_wconf 86' lang='lat' dir='ltr'><strong>autem</strong></span> <span class='ocrx_word' id='word_1_198' title='bbox 710 2591 743 2620; x_wconf 87' lang='lat' dir='ltr'><strong>h.</strong></span> <span class='ocrx_word' id='word_1_199' title='bbox 759 2590 784 2621; x_wconf 86' lang='lat' dir='ltr'><strong>l.</strong></span> <span class='ocrx_word' id='word_1_200' title='bbox 797 2597 861 2621; x_wconf 90' lang='lat' dir='ltr'><strong>su-</strong></span> 
     </span>
     <span class='ocr_line' id='line_1_39' title="bbox 138 2642 861 2679; baseline 0.006 -9"><span class='ocrx_word' id='word_1_201' title='bbox 138 2646 269 2679; x_wconf 83' lang='lat' dir='ltr'><strong>spenso</strong></span> <span class='ocrx_word' id='word_1_202' title='bbox 293 2648 337 2673; x_wconf 82' lang='lat' dir='ltr'><strong>ae</strong></span> <span class='ocrx_word' id='word_1_203' title='bbox 367 2642 581 2674; x_wconf 80' lang='lat' dir='ltr'><strong>deliberanti</strong></span> <span class='ocrx_word' id='word_1_204' title='bbox 605 2644 757 2675; x_wconf 85' lang='lat' dir='ltr'><strong>Medeae</strong></span> <span class='ocrx_word' id='word_1_205' title='bbox 779 2643 861 2674; x_wconf 85' lang='lat' dir='ltr'><strong>ani-</strong></span> 
     </span>
     <span class='ocr_line' id='line_1_40' title="bbox 137 2696 860 2739; baseline 0.007 -13"><span class='ocrx_word' id='word_1_206' title='bbox 137 2702 196 2727; x_wconf 90' lang='lat' dir='ltr'><strong>mo</strong></span> <span class='ocrx_word' id='word_1_207' title='bbox 227 2696 471 2739; x_wconf 83' lang='lat' dir='ltr'><strong>aptissimum,</strong></span> <span class='ocrx_word' id='word_1_208' title='bbox 517 2698 616 2730; x_wconf 87' lang='lat' dir='ltr'><strong>cuius</strong></span> <span class='ocrx_word' id='word_1_209' title='bbox 646 2699 860 2739; x_wconf 84' lang='lat' dir='ltr'><strong>elegantiam</strong></span> 
     </span>
     <span class='ocr_line' id='line_1_41' title="bbox 139 2752 861 2794; baseline 0.004 -11"><span class='ocrx_word' id='word_1_210' title='bbox 139 2752 351 2793; x_wconf 63' lang='lat' dir='ltr'><strong>perspicies,</strong></span> <span class='ocrx_word' id='word_1_211' title='bbox 372 2752 403 2784; x_wconf 87' lang='lat' dir='ltr'><strong>si</strong></span> <span class='ocrx_word' id='word_1_212' title='bbox 428 2754 508 2792; x_wconf 85' lang='lat' dir='ltr'><strong>post</strong></span> <span class='ocrx_word' id='word_1_213' title='bbox 530 2754 622 2786; x_wconf 82' lang='lat' dir='ltr'><strong>hanc</strong></span> <span class='ocrx_word' id='word_1_214' title='bbox 647 2754 861 2794; x_wconf 80' lang='lat' dir='ltr'><strong>particulam</strong></span> 
     </span>
     <span class='ocr_line' id='line_1_42' title="bbox 141 2807 860 2850; baseline 0.004 -12"><span class='ocrx_word' id='word_1_215' title='bbox 141 2807 339 2840; x_wconf 75' lang='lat' dir='ltr'><strong>orationem</strong></span> <span class='ocrx_word' id='word_1_216' title='bbox 361 2810 546 2850; x_wconf 80' lang='lat' dir='ltr'><strong>paulisper</strong></span> <span class='ocrx_word' id='word_1_217' title='bbox 568 2809 736 2841; x_wconf 88' lang='lat' dir='ltr'><strong>insistere</strong></span> <span class='ocrx_word' id='word_1_218' title='bbox 750 2810 860 2842; x_wconf 87' lang='lat' dir='ltr'><strong>intel-</strong></span> 
     </span>
     <span class='ocr_line' id='line_1_43' title="bbox 141 2860 859 2905; baseline 0.007 -13"><span class='ocrx_word' id='word_1_219' title='bbox 141 2860 286 2895; x_wconf 83' lang='lat' dir='ltr'><strong>lexeris.</strong></span> <span class='ocrx_word' id='word_1_220' title='bbox 315 2864 416 2897; x_wconf 78' lang='lat' dir='ltr'><strong>Hanc</strong></span> <span class='ocrx_word' id='word_1_221' title='bbox 431 2864 607 2898; x_wconf 79' lang='lat' dir='ltr'><strong>orationis</strong></span> <span class='ocrx_word' id='word_1_222' title='bbox 620 2864 768 2905; x_wconf 77' lang='lat' dir='ltr'><strong>figuram</strong></span> <span class='ocrx_word' id='word_1_223' title='bbox 781 2865 859 2897; x_wconf 77' lang='lat' dir='ltr'><strong>Na-</strong></span> 
     </span>
    </p>
   </div>
   <div class='ocr_carea' id='block_1_13' title="bbox 929 1203 1663 1302">
    <p class='ocr_par' dir='ltr' id='par_1_16' title="bbox 929 1203 1663 1302">
     <span class='ocr_line' id='line_1_44' title="bbox 929 1203 1663 1253; baseline -0.004 -12"><span class='ocrx_word' id='word_1_224' title='bbox 929 1214 974 1253; x_wconf 73' lang='lat' dir='ltr'><strong>so</strong></span> <span class='ocrx_word' id='word_1_225' title='bbox 998 1208 1105 1240; x_wconf 81' lang='lat' dir='ltr'><strong>amat.</strong></span> <span class='ocrx_word' id='word_1_226' title='bbox 1158 1203 1263 1239; x_wconf 77' lang='lat' dir='ltr'><strong>conf.</strong></span> <span class='ocrx_word' id='word_1_227' title='bbox 1294 1205 1381 1238; x_wconf 79' lang='lat' dir='ltr'><strong>Her.</strong></span> <span class='ocrx_word' id='word_1_228' title='bbox 1410 1205 1484 1248; x_wconf 83' lang='grc' dir='ltr'><strong>ῙΧ,</strong></span> <span class='ocrx_word' id='word_1_229' title='bbox 1514 1204 1590 1239; x_wconf 80' lang='grc'><strong>149.</strong></span> <span class='ocrx_word' id='word_1_230' title='bbox 1622 1222 1663 1229; x_wconf 91' lang='lat'>-</span> 
     </span>
     <span class='ocr_line' id='line_1_45' title="bbox 930 1260 1303 1302; baseline -0.011 -6"><span class='ocrx_word' id='word_1_231' title='bbox 930 1262 1020 1296; x_wconf 84' lang='lat' dir='ltr'><strong>Exe.</strong></span> <span class='ocrx_word' id='word_1_232' title='bbox 1043 1264 1155 1296; x_wconf 82' lang='lat' dir='ltr'><strong>voss.</strong></span> <span class='ocrx_word' id='word_1_233' title='bbox 1176 1260 1303 1302; x_wconf 78' lang='lat' dir='ltr'><strong>parte.</strong></span> 
     </span>
    </p>
   </div>
   <div class='ocr_carea' id='block_1_14' title="bbox 927 1338 1664 1484">
    <p class='ocr_par' dir='ltr' id='par_1_17' title="bbox 927 1338 1664 1484">
     <span class='ocr_line' id='line_1_46' title="bbox 973 1338 1664 1382; baseline -0.001 -9"><span class='ocrx_word' id='word_1_234' title='bbox 973 1341 1027 1373; x_wconf 79' lang='grc'><strong>22.</strong></span> <span class='ocrx_word' id='word_1_235' title='bbox 1060 1341 1187 1373; x_wconf 72' lang='lat' dir='ltr'><strong>Flexa</strong></span> <span class='ocrx_word' id='word_1_236' title='bbox 1219 1338 1317 1372; x_wconf 75' lang='lat' dir='ltr'><strong>tulit.</strong></span> <span class='ocrx_word' id='word_1_237' title='bbox 1364 1338 1440 1371; x_wconf 78' lang='lat' dir='ltr'><strong>Pal.</strong></span> <span class='ocrx_word' id='word_1_238' title='bbox 1463 1339 1517 1382; x_wconf 88' lang='grc'><strong>1.,</strong></span> <span class='ocrx_word' id='word_1_239' title='bbox 1546 1339 1664 1382; x_wconf 71' lang='lat' dir='ltr'><strong>Leid,</strong></span> 
     </span>
     <span class='ocr_line' id='line_1_47' title="bbox 929 1394 1662 1429; baseline -0.001 0"><span class='ocrx_word' id='word_1_240' title='bbox 929 1397 984 1429; x_wconf 86' lang='lat' dir='ltr'><strong>IV</strong></span> <span class='ocrx_word' id='word_1_241' title='bbox 1007 1395 1218 1428; x_wconf 79' lang='lat' dir='ltr'><strong>aliineins.</strong></span> <span class='ocrx_word' id='word_1_242' title='bbox 1239 1397 1277 1428; x_wconf 90' lang='lat' dir='ltr'><strong>et</strong></span> <span class='ocrx_word' id='word_1_243' title='bbox 1298 1394 1380 1428; x_wconf 84' lang='lat' dir='ltr'><strong>Bel.</strong></span> <span class='ocrx_word' id='word_1_244' title='bbox 1404 1402 1428 1427; x_wconf 82' lang='lat' dir='ltr'><strong>a</strong></span> <span class='ocrx_word' id='word_1_245' title='bbox 1451 1394 1482 1427; x_wconf 89' lang='lat'><strong>1.</strong></span> <span class='ocrx_word' id='word_1_246' title='bbox 1505 1403 1550 1427; x_wconf 87' lang='lat' dir='ltr'><strong>m.</strong></span> <span class='ocrx_word' id='word_1_247' title='bbox 1571 1404 1662 1428; x_wconf 84' lang='lat' dir='ltr'><strong>ver-</strong></span> 
     </span>
     <span class='ocr_line' id='line_1_48' title="bbox 927 1449 1264 1484; baseline 0 -2"><span class='ocrx_word' id='word_1_248' title='bbox 927 1458 984 1482; x_wconf 79' lang='lat' dir='ltr'><strong>sa.</strong></span> <span class='ocrx_word' id='word_1_249' title='bbox 1031 1450 1127 1483; x_wconf 78' lang='lat' dir='ltr'><strong>Gall.</strong></span> <span class='ocrx_word' id='word_1_250' title='bbox 1149 1449 1264 1484; x_wconf 74' lang='lat' dir='ltr'><strong>dedit.</strong></span> 
     </span>
    </p>
   </div>
   <div class='ocr_carea' id='block_1_15' title="bbox 922 1526 1662 2329">
    <p class='ocr_par' dir='ltr' id='par_1_18' title="bbox 922 1526 1662 2329">
     <span class='ocr_line' id='line_1_49' title="bbox 970 1526 1662 1570; baseline -0.001 -11"><span class='ocrx_word' id='word_1_251' title='bbox 970 1527 1026 1559; x_wconf 80' lang='grc'><strong>23.</strong></span> <span class='ocrx_word' id='word_1_252' title='bbox 1066 1526 1240 1559; x_wconf 75' lang='lat' dir='ltr'><strong>Vicimus.</strong></span> <span class='ocrx_word' id='word_1_253' title='bbox 1284 1529 1378 1570; x_wconf 86' lang='lat' dir='ltr'><strong>Put.,</strong></span> <span class='ocrx_word' id='word_1_254' title='bbox 1410 1528 1523 1570; x_wconf 63' lang='lat' dir='ltr'><strong>Gall„</strong></span> <span class='ocrx_word' id='word_1_255' title='bbox 1551 1530 1662 1570; x_wconf 68' lang='lat' dir='ltr'><strong>Mon,</strong></span> 
     </span>
     <span class='ocr_line' id='line_1_50' title="bbox 926 1582 1662 1626; baseline 0.001 -12"><span class='ocrx_word' id='word_1_256' title='bbox 926 1583 1039 1626; x_wconf 86' lang='lat' dir='ltr'><strong>Busl.,</strong></span> <span class='ocrx_word' id='word_1_257' title='bbox 1063 1585 1155 1625; x_wconf 90' lang='lat' dir='ltr'><strong>lun.,</strong></span> <span class='ocrx_word' id='word_1_258' title='bbox 1177 1582 1296 1624; x_wconf 75' lang='lat' dir='ltr'><strong>Leid,</strong></span> <span class='ocrx_word' id='word_1_259' title='bbox 1330 1584 1417 1615; x_wconf 87' lang='lat' dir='ltr'><strong>XIV</strong></span> <span class='ocrx_word' id='word_1_260' title='bbox 1440 1584 1504 1615; x_wconf 83' lang='lat' dir='ltr'><strong>alii</strong></span> <span class='ocrx_word' id='word_1_261' title='bbox 1523 1584 1662 1625; x_wconf 67' lang='lat' dir='ltr'><strong>Heius„</strong></span> 
     </span>
     <span class='ocr_line' id='line_1_51' title="bbox 926 1637 1662 1680; baseline -0.001 -10"><span class='ocrx_word' id='word_1_262' title='bbox 926 1638 1047 1680; x_wconf 65' lang='lat' dir='ltr'><strong>Bern„</strong></span> <span class='ocrx_word' id='word_1_263' title='bbox 1069 1638 1214 1680; x_wconf 88' lang='lat' dir='ltr'><strong>Dresd.,</strong></span> <span class='ocrx_word' id='word_1_264' title='bbox 1235 1638 1316 1670; x_wconf 84' lang='lat' dir='ltr'><strong>Rel.</strong></span> <span class='ocrx_word' id='word_1_265' title='bbox 1339 1641 1375 1670; x_wconf 92' lang='lat' dir='ltr'><strong>et</strong></span> <span class='ocrx_word' id='word_1_266' title='bbox 1396 1639 1516 1671; x_wconf 87' lang='lat' dir='ltr'><strong>Berol.</strong></span> <span class='ocrx_word' id='word_1_267' title='bbox 1540 1637 1662 1669; x_wconf 76' lang='lat' dir='ltr'><strong>vinci-</strong></span> 
     </span>
     <span class='ocr_line' id='line_1_52' title="bbox 926 1693 1662 1735; baseline 0.001 -11"><span class='ocrx_word' id='word_1_268' title='bbox 926 1701 1016 1724; x_wconf 81' lang='lat' dir='ltr'><strong>mus.</strong></span> <span class='ocrx_word' id='word_1_269' title='bbox 1060 1693 1137 1724; x_wconf 86' lang='lat' dir='ltr'><strong>Pal.</strong></span> <span class='ocrx_word' id='word_1_270' title='bbox 1161 1694 1206 1735; x_wconf 95' lang='grc'><strong>1.,</strong></span> <span class='ocrx_word' id='word_1_271' title='bbox 1230 1694 1366 1734; x_wconf 70' lang='lat' dir='ltr'><strong>Guelfi,</strong></span> <span class='ocrx_word' id='word_1_272' title='bbox 1389 1694 1520 1725; x_wconf 71' lang='lat' dir='ltr'><strong>Frano.</strong></span> <span class='ocrx_word' id='word_1_273' title='bbox 1540 1696 1577 1725; x_wconf 89' lang='lat' dir='ltr'><strong>et</strong></span> <span class='ocrx_word' id='word_1_274' title='bbox 1598 1700 1662 1725; x_wconf 87' lang='lat' dir='ltr'><strong>re-</strong></span> 
     </span>
     <span class='ocr_line' id='line_1_53' title="bbox 926 1742 1662 1789; baseline 0.001 -10"><span class='ocrx_word' id='word_1_275' title='bbox 926 1742 1014 1789; x_wconf 85' lang='lat' dir='ltr'><strong>liqui</strong></span> <span class='ocrx_word' id='word_1_276' title='bbox 1037 1757 1117 1780; x_wconf 85' lang='lat' dir='ltr'><strong>cum</strong></span> <span class='ocrx_word' id='word_1_277' title='bbox 1139 1750 1230 1780; x_wconf 85' lang='lat' dir='ltr'><strong>vett.</strong></span> <span class='ocrx_word' id='word_1_278' title='bbox 1254 1748 1334 1779; x_wconf 88' lang='lat' dir='ltr'><strong>edd.</strong></span> <span class='ocrx_word' id='word_1_279' title='bbox 1358 1746 1542 1787; x_wconf 71' lang='lat' dir='ltr'><strong>vicimus..</strong></span> <span class='ocrx_word' id='word_1_280' title='bbox 1585 1749 1662 1780; x_wconf 84' lang='lat' dir='ltr'><strong>Re-</strong></span> 
     </span>
     <span class='ocr_line' id='line_1_54' title="bbox 929 1802 1661 1836; baseline 0.003 -2"><span class='ocrx_word' id='word_1_281' title='bbox 929 1805 998 1834; x_wconf 85' lang='lat' dir='ltr'><strong>cte.</strong></span> <span class='ocrx_word' id='word_1_282' title='bbox 1052 1804 1095 1834; x_wconf 87' lang='lat' dir='ltr'><strong>In</strong></span> <span class='ocrx_word' id='word_1_283' title='bbox 1130 1802 1337 1835; x_wconf 82' lang='lat' dir='ltr'><strong>incitatiore</strong></span> <span class='ocrx_word' id='word_1_284' title='bbox 1376 1811 1422 1835; x_wconf 84' lang='lat' dir='ltr'><strong>ac</strong></span> <span class='ocrx_word' id='word_1_285' title='bbox 1459 1803 1661 1836; x_wconf 79' lang='lat' dir='ltr'><strong>fervidiore</strong></span> 
     </span>
     <span class='ocr_line' id='line_1_55' title="bbox 929 1857 1659 1902; baseline 0.005 -14"><span class='ocrx_word' id='word_1_286' title='bbox 929 1857 1096 1889; x_wconf 82' lang='lat' dir='ltr'><strong>oratione</strong></span> <span class='ocrx_word' id='word_1_287' title='bbox 1118 1857 1169 1899; x_wconf 87' lang='lat' dir='ltr'><strong>id,</strong></span> <span class='ocrx_word' id='word_1_288' title='bbox 1186 1859 1280 1898; x_wconf 85' lang='lat' dir='ltr'><strong>quod</strong></span> <span class='ocrx_word' id='word_1_289' title='bbox 1293 1860 1395 1891; x_wconf 83' lang='lat' dir='ltr'><strong>certo</strong></span> <span class='ocrx_word' id='word_1_290' title='bbox 1413 1859 1574 1892; x_wconf 80' lang='lat' dir='ltr'><strong>futurum</strong></span> <span class='ocrx_word' id='word_1_291' title='bbox 1587 1862 1659 1902; x_wconf 91' lang='lat' dir='ltr'><strong>est,</strong></span> 
     </span>
     <span class='ocr_line' id='line_1_56' title="bbox 927 1913 1658 1955; baseline 0.007 -13"><span class='ocrx_word' id='word_1_292' title='bbox 927 1918 1039 1951; x_wconf 84' lang='lat' dir='ltr'><strong>saepe</strong></span> <span class='ocrx_word' id='word_1_293' title='bbox 1057 1913 1224 1952; x_wconf 77' lang='lat' dir='ltr'><strong>tanquam</strong></span> <span class='ocrx_word' id='word_1_294' title='bbox 1242 1914 1379 1945; x_wconf 81' lang='lat' dir='ltr'><strong>factum</strong></span> <span class='ocrx_word' id='word_1_295' title='bbox 1389 1915 1658 1955; x_wconf 81' lang='lat' dir='ltr'><strong>pronuntiatur.</strong></span> 
     </span>
     <span class='ocr_line' id='line_1_57' title="bbox 926 1965 1660 2013; baseline 0.01 -16"><span class='ocrx_word' id='word_1_296' title='bbox 926 1965 1009 1998; x_wconf 81' lang='lat' dir='ltr'><strong>Vid.</strong></span> <span class='ocrx_word' id='word_1_297' title='bbox 1032 1966 1132 1999; x_wconf 76' lang='lat' dir='ltr'><strong>Gier.</strong></span> <span class='ocrx_word' id='word_1_298' title='bbox 1154 1969 1200 2000; x_wconf 81' lang='lat' dir='ltr'><strong>ad</strong></span> <span class='ocrx_word' id='word_1_299' title='bbox 1224 1970 1371 2001; x_wconf 78' lang='lat' dir='ltr'><strong>Metam.</strong></span> <span class='ocrx_word' id='word_1_300' title='bbox 1393 1969 1462 2011; x_wconf 83' lang='grc' dir='ltr'><strong>Ν,</strong></span> <span class='ocrx_word' id='word_1_301' title='bbox 1485 1968 1577 2012; x_wconf 75' lang='grc'><strong>856,</strong></span> <span class='ocrx_word' id='word_1_302' title='bbox 1592 1971 1660 2013; x_wconf 84' lang='lat' dir='ltr'><strong>Vl,</strong></span> 
     </span>
     <span class='ocr_line' id='line_1_58' title="bbox 924 2020 1660 2083; baseline 0.008 -31"><span class='ocrx_word' id='word_1_303' title='bbox 924 2020 1016 2063; x_wconf 81' lang='grc'><strong>513.,</strong></span> <span class='ocrx_word' id='word_1_304' title='bbox 1044 2022 1077 2054; x_wconf 85' lang='grc' dir='ltr'>Χ</span> <span class='ocrx_word' id='word_1_305' title='bbox 1100 2024 1137 2054; x_wconf 92' lang='lat' dir='ltr'><strong>et</strong></span> <span class='ocrx_word' id='word_1_306' title='bbox 1157 2022 1237 2055; x_wconf 83' lang='grc'><strong>442.</strong></span> <span class='ocrx_word' id='word_1_307' title='bbox 1283 2021 1388 2083; x_wconf 81' lang='grc' dir='ltr'>Ωιιοᾲ</span> <span class='ocrx_word' id='word_1_308' title='bbox 1412 2032 1492 2057; x_wconf 90' lang='lat' dir='ltr'><strong>cum</strong></span> <span class='ocrx_word' id='word_1_309' title='bbox 1518 2025 1660 2059; x_wconf 80' lang='lat' dir='ltr'><strong>librarii</strong></span> 
     </span>
     <span class='ocr_line' id='line_1_59' title="bbox 923 2065 1659 2130; baseline 0.007 -21"><span class='ocrx_word' id='word_1_310' title='bbox 923 2084 999 2109; x_wconf 90' lang='lat' dir='ltr'><strong>non</strong></span> <span class='ocrx_word' id='word_1_311' title='bbox 1018 2070 1290 2120; x_wconf 74' lang='lat' dir='ltr'><strong>intelligerent,</strong></span> <span class='ocrx_word' id='word_1_312' title='bbox 1305 2065 1439 2130; x_wconf 64' lang='grc' dir='ltr'>ἰιιίἷῖιιιιι</span> <span class='ocrx_word' id='word_1_313' title='bbox 1462 2081 1495 2112; x_wconf 88' lang='lat' dir='ltr'><strong>b.</strong></span> <span class='ocrx_word' id='word_1_314' title='bbox 1517 2081 1543 2113; x_wconf 91' lang='lat' dir='ltr'><strong>l.</strong></span> <span class='ocrx_word' id='word_1_315' title='bbox 1562 2081 1659 2113; x_wconf 85' lang='lat' dir='ltr'><strong>seri-</strong></span> 
     </span>
     <span class='ocr_line' id='line_1_60' title="bbox 922 2132 1658 2175; baseline 0.004 -11"><span class='ocrx_word' id='word_1_316' title='bbox 922 2134 1067 2173; x_wconf 85' lang='lat' dir='ltr'><strong>pturam</strong></span> <span class='ocrx_word' id='word_1_317' title='bbox 1089 2132 1329 2175; x_wconf 78' lang='lat' dir='ltr'><strong>invenerunt,</strong></span> <span class='ocrx_word' id='word_1_318' title='bbox 1358 2135 1467 2174; x_wconf 85' lang='lat' dir='ltr'><strong>atque</strong></span> <span class='ocrx_word' id='word_1_319' title='bbox 1490 2135 1573 2167; x_wconf 88' lang='lat' dir='ltr'><strong>inde</strong></span> <span class='ocrx_word' id='word_1_320' title='bbox 1598 2136 1658 2167; x_wconf 79' lang='lat' dir='ltr'><strong>fa-</strong></span> 
     </span>
     <span class='ocr_line' id='line_1_61' title="bbox 926 2187 1659 2229; baseline 0.005 -11"><span class='ocrx_word' id='word_1_321' title='bbox 926 2187 1023 2219; x_wconf 88' lang='lat' dir='ltr'><strong>ctum</strong></span> <span class='ocrx_word' id='word_1_322' title='bbox 1061 2189 1131 2229; x_wconf 84' lang='lat' dir='ltr'><strong>est,</strong></span> <span class='ocrx_word' id='word_1_323' title='bbox 1168 2189 1208 2220; x_wconf 89' lang='lat' dir='ltr'><strong>ut</strong></span> <span class='ocrx_word' id='word_1_324' title='bbox 1243 2188 1347 2220; x_wconf 84' lang='lat' dir='ltr'><strong>multi</strong></span> <span class='ocrx_word' id='word_1_325' title='bbox 1382 2189 1467 2221; x_wconf 84' lang='lat' dir='ltr'><strong>libri</strong></span> <span class='ocrx_word' id='word_1_326' title='bbox 1502 2190 1659 2222; x_wconf 84' lang='lat' dir='ltr'><strong>habeant</strong></span> 
     </span>
     <span class='ocr_line' id='line_1_62' title="bbox 924 2239 1658 2283; baseline 0.005 -11"><span class='ocrx_word' id='word_1_327' title='bbox 924 2239 1119 2282; x_wconf 78' lang='lat' dir='ltr'><strong>vincimus,</strong></span> <span class='ocrx_word' id='word_1_328' title='bbox 1141 2243 1238 2283; x_wconf 87' lang='lat' dir='ltr'><strong>quod</strong></span> <span class='ocrx_word' id='word_1_329' title='bbox 1260 2243 1355 2276; x_wconf 85' lang='lat' dir='ltr'><strong>male</strong></span> <span class='ocrx_word' id='word_1_330' title='bbox 1377 2244 1414 2276; x_wconf 91' lang='lat' dir='ltr'><strong>in</strong></span> <span class='ocrx_word' id='word_1_331' title='bbox 1438 2245 1576 2276; x_wconf 83' lang='lat' dir='ltr'><strong>textum</strong></span> <span class='ocrx_word' id='word_1_332' title='bbox 1598 2244 1658 2276; x_wconf 88' lang='lat' dir='ltr'><strong>in-</strong></span> 
     </span>
     <span class='ocr_line' id='line_1_63' title="bbox 926 2294 1225 2329; baseline 0.013 -4"><span class='ocrx_word' id='word_1_333' title='bbox 926 2294 1027 2327; x_wconf 84' lang='lat' dir='ltr'><strong>duxit</strong></span> <span class='ocrx_word' id='word_1_334' title='bbox 1047 2295 1225 2329; x_wconf 80' lang='lat' dir='ltr'><strong>Heinsius.</strong></span> 
     </span>
    </p>
   </div>
   <div class='ocr_carea' id='block_1_16' title="bbox 969 2371 1513 2415">
    <p class='ocr_par' dir='ltr' id='par_1_19' title="bbox 969 2371 1513 2415">
     <span class='ocr_line' id='line_1_64' title="bbox 969 2371 1513 2415; baseline 0 -11"><span class='ocrx_word' id='word_1_335' title='bbox 969 2371 1024 2404; x_wconf 78' lang='grc'><strong>24.</strong></span> <span class='ocrx_word' id='word_1_336' title='bbox 1054 2371 1211 2404; x_wconf 76' lang='lat' dir='ltr'><strong>Salutis.</strong></span> <span class='ocrx_word' id='word_1_337' title='bbox 1255 2373 1343 2406; x_wconf 82' lang='lat' dir='ltr'><strong>Her.</strong></span> <span class='ocrx_word' id='word_1_338' title='bbox 1366 2374 1414 2415; x_wconf 82' lang='lat' dir='ltr'><strong>X,</strong></span> <span class='ocrx_word' id='word_1_339' title='bbox 1438 2371 1513 2405; x_wconf 86' lang='grc'><strong>143.</strong></span> 
     </span>
    </p>
   </div>
   <div class='ocr_carea' id='block_1_17' title="bbox 990 2446 1657 2563">
    <p class='ocr_par' dir='ltr' id='par_1_20' title="bbox 990 2446 1657 2563">
     <span class='ocr_line' id='line_1_65' title="bbox 990 2446 1655 2481; baseline 0.002 -7"><span class='ocrx_word' id='word_1_340' title='bbox 990 2459 1025 2464; x_wconf 90' lang='grc'><strong>-</strong></span> <span class='ocrx_word' id='word_1_341' title='bbox 1041 2460 1074 2465; x_wconf 83' lang='grc'>-</span> <span class='ocrx_word' id='word_1_342' title='bbox 1089 2461 1123 2465; x_wconf 95' lang='grc'>-</span> <span class='ocrx_word' id='word_1_343' title='bbox 1138 2461 1172 2467; x_wconf 87' lang='grc'>-</span> <span class='ocrx_word' id='word_1_344' title='bbox 1189 2446 1217 2474; x_wconf 81' lang='lat' dir='ltr'><strong>si</strong></span> <span class='ocrx_word' id='word_1_345' title='bbox 1234 2453 1295 2474; x_wconf 88' lang='grc' dir='ltr'>ιιοιι</span> <span class='ocrx_word' id='word_1_346' title='bbox 1313 2453 1370 2481; x_wconf 83' lang='lat' dir='ltr'><strong>ego</strong></span> <span class='ocrx_word' id='word_1_347' title='bbox 1399 2452 1506 2474; x_wconf 77' lang='lat' dir='ltr'><strong>caussa</strong></span> <span class='ocrx_word' id='word_1_348' title='bbox 1537 2447 1655 2481; x_wconf 73' lang='lat' dir='ltr'><strong>salutis,</strong></span> 
     </span>
     <span class='ocr_line' id='line_1_66' title="bbox 991 2487 1657 2525; baseline 0.006 -10"><span class='ocrx_word' id='word_1_349' title='bbox 991 2487 1058 2516; x_wconf 76' lang='lat' dir='ltr'><strong>Non</strong></span> <span class='ocrx_word' id='word_1_350' title='bbox 1076 2492 1175 2518; x_wconf 77' lang='lat' dir='ltr'><strong>tamen</strong></span> <span class='ocrx_word' id='word_1_351' title='bbox 1193 2493 1250 2525; x_wconf 81' lang='lat' dir='ltr'><strong>est,</strong></span> <span class='ocrx_word' id='word_1_352' title='bbox 1276 2498 1329 2518; x_wconf 83' lang='lat' dir='ltr'><strong>eur</strong></span> <span class='ocrx_word' id='word_1_353' title='bbox 1355 2489 1397 2518; x_wconf 86' lang='lat' dir='ltr'><strong>sis</strong></span> <span class='ocrx_word' id='word_1_354' title='bbox 1423 2492 1456 2518; x_wconf 82' lang='lat' dir='ltr'><strong>tu</strong></span> <span class='ocrx_word' id='word_1_355' title='bbox 1473 2489 1546 2517; x_wconf 85' lang='lat' dir='ltr'><strong>mibi</strong></span> <span class='ocrx_word' id='word_1_356' title='bbox 1564 2497 1657 2519; x_wconf 74' lang='lat' dir='ltr'><strong>causa</strong></span> 
     </span>
     <span class='ocr_line' id='line_1_67' title="bbox 1322 2540 1417 2563; baseline 0.021 -2"><span class='ocrx_word' id='word_1_357' title='bbox 1322 2540 1417 2563; x_wconf 81' lang='lat' dir='ltr'><strong>necis.</strong></span> 
     </span>
    </p>
   </div>
   <div class='ocr_carea' id='block_1_18' title="bbox 926 2599 1564 2644">
    <p class='ocr_par' dir='ltr' id='par_1_21' title="bbox 926 2599 1564 2644">
     <span class='ocr_line' id='line_1_68' title="bbox 926 2599 1564 2644; baseline 0.008 -13"><span class='ocrx_word' id='word_1_358' title='bbox 926 2599 973 2631; x_wconf 83' lang='lat' dir='ltr'><strong>V.</strong></span> <span class='ocrx_word' id='word_1_359' title='bbox 996 2601 1050 2633; x_wconf 81' lang='grc'><strong>25.</strong></span> <span class='ocrx_word' id='word_1_360' title='bbox 1084 2602 1160 2634; x_wconf 80' lang='lat' dir='ltr'><strong>Pal.</strong></span> <span class='ocrx_word' id='word_1_361' title='bbox 1186 2602 1216 2634; x_wconf 90' lang='lat'><strong>1.</strong></span> <span class='ocrx_word' id='word_1_362' title='bbox 1238 2601 1564 2644; x_wconf 73' lang='lat' dir='ltr'><strong>iynati—timetis.</strong></span> 
     </span>
    </p>
   </div>
   <div class='ocr_carea' id='block_1_19' title="bbox 924 2678 1654 2779">
    <p class='ocr_par' dir='ltr' id='par_1_22' title="bbox 924 2678 1654 2779">
     <span class='ocr_line' id='line_1_69' title="bbox 971 2678 1654 2714; baseline 0.007 -5"><span class='ocrx_word' id='word_1_363' title='bbox 971 2678 1025 2710; x_wconf 89' lang='grc'><strong>26.</strong></span> <span class='ocrx_word' id='word_1_364' title='bbox 1058 2679 1444 2714; x_wconf 72' lang='lat' dir='ltr'><strong>Innocuam—latus.</strong></span> <span class='ocrx_word' id='word_1_365' title='bbox 1495 2681 1558 2714; x_wconf 82' lang='lat' dir='ltr'><strong>Sic</strong></span> <span class='ocrx_word' id='word_1_366' title='bbox 1587 2688 1654 2714; x_wconf 88' lang='lat' dir='ltr'><strong>co-</strong></span> 
     </span>
     <span class='ocr_line' id='line_1_70' title="bbox 924 2732 1559 2779; baseline 0.013 -17"><span class='ocrx_word' id='word_1_367' title='bbox 924 2732 1079 2773; x_wconf 62' lang='lat' dir='ltr'><strong>gnatum</strong></span> <span class='ocrx_word' id='word_1_368' title='bbox 1101 2733 1203 2766; x_wconf 80' lang='lat' dir='ltr'><strong>zatus</strong></span> <span class='ocrx_word' id='word_1_369' title='bbox 1224 2737 1371 2769; x_wconf 85' lang='lat' dir='ltr'><strong>Metam.</strong></span> <span class='ocrx_word' id='word_1_370' title='bbox 1393 2739 1460 2779; x_wconf 84' lang='lat' dir='ltr'><strong>lx,</strong></span> <span class='ocrx_word' id='word_1_371' title='bbox 1483 2737 1559 2770; x_wconf 79' lang='grc'><strong>412.</strong></span> 
     </span>
    </p>
   </div>
   <div class='ocr_carea' id='block_1_20' title="bbox 927 2809 1655 2901">
    <p class='ocr_par' dir='ltr' id='par_1_23' title="bbox 927 2809 1655 2901">
     <span class='ocr_line' id='line_1_71' title="bbox 970 2809 1655 2856; baseline 0.009 -16"><span class='ocrx_word' id='word_1_372' title='bbox 970 2809 1023 2841; x_wconf 87' lang='grc'><strong>27.</strong></span> <span class='ocrx_word' id='word_1_373' title='bbox 1056 2809 1225 2844; x_wconf 69' lang='grc' dir='ltr'><strong>Βίυεῑιὲἰ.</strong></span> <span class='ocrx_word' id='word_1_374' title='bbox 1278 2813 1414 2846; x_wconf 85' lang='lat' dir='ltr'><strong>Ennius</strong></span> <span class='ocrx_word' id='word_1_375' title='bbox 1454 2815 1550 2856; x_wconf 77' lang='lat' dir='ltr'><strong>apud</strong></span> <span class='ocrx_word' id='word_1_376' title='bbox 1579 2813 1655 2847; x_wconf 81' lang='lat' dir='ltr'><strong>Cic.</strong></span> 
     </span>
     <span class='ocr_line' id='line_1_72' title="bbox 927 2865 1357 2901; baseline 0.012 -5"><span class='ocrx_word' id='word_1_377' title='bbox 927 2865 971 2896; x_wconf 86' lang='lat' dir='ltr'><strong>de</strong></span> <span class='ocrx_word' id='word_1_378' title='bbox 992 2866 1075 2898; x_wconf 80' lang='lat' dir='ltr'><strong>Nat.</strong></span> <span class='ocrx_word' id='word_1_379' title='bbox 1098 2867 1141 2898; x_wconf 88' lang='lat' dir='ltr'><strong>D.</strong></span> <span class='ocrx_word' id='word_1_380' title='bbox 1162 2868 1225 2899; x_wconf 87' lang='lat'>111.</span> <span class='ocrx_word' id='word_1_381' title='bbox 1249 2875 1280 2900; x_wconf 88' lang='lat' dir='ltr'><strong>c.</strong></span> <span class='ocrx_word' id='word_1_382' title='bbox 1302 2868 1357 2901; x_wconf 79' lang='grc'><strong>26.</strong></span> 
     </span>
    </p>
   </div>
  </div>
 </body>
</html>
