1846 3146
563 179 693 231 Lm.
727 179 835 245 ΠΙ.
867 176 1069 229 Eme.
1103 178 1194 229 111.
1544 180 1643 230 255

128 301 252 355 C'um
281 302 485 368 patriam
517 303 670 363 amisi,
705 307 804 352 tum
836 315 912 350 me
942 301 1152 367 periisse
1184 304 1376 367 putato:

189 385 257 434 Et
285 386 421 451 prior
452 389 505 434 et
536 387 739 449 gravior
770 400 899 433 mors
931 383 1026 432 fuit
1058 383 1149 432 illa
1183 383 1312 432 mihi.

128 469 286 527 Nunc,
327 462 372 516 si
388 466 518 517 forte
533 472 691 533 potes,
728 466 848 528 (sed
866 481 963 515 non
978 469 1166 532 poteS‚]
1187 467 1366 532 optima
1380 469 1560 517 coniux
1577 469 1643 518 55

189 549 365 599 Finitis
398 549 561 614 gaude
594 555 668 599 tot
698 549 813 598 mihi
845 554 999 598 morte
1031 548 1186 598 malis,

130 630 269 690 Quod
301 635 480 698 potes‚²'
495 620 706 682 eitenua
739 631 857 680 forti
889 631 1015 679 mala
1049 629 1201 680 corde
1234 630 1459 693 ferendo,

151 712 279 778 ‚J'Ad
308 728 432 788 quae
463 713 746 781 iampridem
779 729 876 763 non
909 713 1032 764 rude
1065 719 1238 780 pectus
1271 713 1437 763 habes.

115 839 245 898 tenda
298 863 438 896 anr.
494 864 575 897 Bel.
606 872 630 896 a
657 864 689 896 2.
718 872 763 896 ιιι.
787 863 851 895 la-

0 924 91 1001 ij
122 916 263 1008 3⁶:⁶7.ss
289 919 394 953 conf.
421 919 508 951 ller.
535 919 637 961 XIV,
669 919 741 961 51.,
763 920 851 951 Met.

11 1003 17 1012 ‚
159 995 176 1017 ρ
263 997 274 1007 ·

0 1001 25 1130 *—
51 1051 60 1059 “·
166 1049 307 1093 Parce,
331 1050 500 1093 abstine,
535 1050 632 1092 noli;
679 1051 851 1084 solemnis

0 1131 12 1160 5:

113 1106 258 1140 {Nasoni
279 1101 554 1139 circumlocutio
578 1106 792 1147 imperativi.

167 1173 338 1208 ceterum
361 1181 438 1205 mos
459 1172 524 1205 ille
546 1172 582 1205 iu
608 1172 711 1205 luctu
733 1173 851 1215 capil-

121 1227 180 1261 los
200 1227 370 1260 solvendi
390 1235 435 1260 ac
460 1227 646 1259 scindendi
673 1236 852 1271 persaepe

121 1283 284 1324 tangitur
298 1290 322 1314 a
338 1284 426 1315 vett.
437 1281 689 1322 scriptoribus.
734 1284 852 1316 Noun.

120 1336 159 1368 in
180 1346 216 1369 v.
235 1334 439 1378 practicae.
496 1337 600 1377 Virg.
624 1340 668 1370 A.
691 1339 756 1380 XI,
780 1340 850 1381 35.,

122 1391 214 1424 Met.
240 1391 306 1433 XI,
334 1392 427 1434 683„
456 1392 542 1423 Her.
564 1392 612 1432 X,
636 1391 688 1424 16.
707 1408 753 1415 --

166 1449 241 1490 Sed
250 1458 396 1490 veteres
407 1457 445 1490 in
453 1457 557 1489 luctu
573 1457 682 1489 etiam
694 1461 853 1499 pectora

122 1511 310 1543 nudabant
334 1519 379 1544 ac
411 1496 678 1554 percutiebant,
716 1512 851 1545 discin-

122 1565 256 1598 debant
279 1565 509 1609 vestimenta,
543 1569 581 1599 et
601 1568 733 1599 heroes
755 1568 851 1608 apud

121 1621 316 1654 Homerum
337 1621 374 1653 in
391 1622 547 1663 pulvere
561 1619 760 1655 volvuntur
783 1630 851 1654 eo-

122 1682 193 1718 que
224 1683 311 1708 sese
343 1677 568 1718 cooperiunt.
631 1677 737 1710 conf.
765 1678 851 1709 Met.

121 1732 196 1774 III,
226 1732 324 1774 480„
353 1730 424 1774 IV,
455 1731 545 1775 133„
577 1732 628 1774 V,
658 1733 757 1774 472„
787 1734 852 1774 XI,

122 1788 198 1820 680.
220 1787 298 1820 725.
347 1787 449 1820 Delr.
480 1789 526 1820 ad
555 1789 683 1820 senec.
707 1788 852 1829 Hippol.

71 1847 75 1850 ⁴
121 1851 157 1883 p.
180 1842 256 1874 212.
762 1856 765 1859 -

165 1897 252 1930 Pari
271 1897 353 1928 fere
375 1898 481 1929 modo
504 1898 580 1930 Tib.
602 1899 635 1938 1,
658 1897 694 1940 1,
717 1897 770 1930 66.

187 1969 232 1998 Tu
256 1969 362 1998 lanes
388 1977 427 1997 ne
452 1970 540 1998 laedo
564 1977 658 2006 meos,
684 1971 740 2000 sed
758 1976 852 2006 parco

518 2015 627 2043 solutis

236 2057 377 2087 Crinibus
399 2060 432 2086 et
455 2059 586 2095 teneris,
621 2059 726 2094 Delia,
758 2065 852 2095 parce

502 2103 614 2140 genis·
850 2100 854 2103 ’

165 2171 222 2204 52.
251 2171 340 2204 1101oe
359 2180 454 2205 mea.
499 2173 638 2205 Blanda
659 2169 851 2212 allocutio,

122 2232 147 2256 a.
183 2226 328 2260 Tibullo
367 2227 539 2269 imprimis
577 2235 623 2260 ac
657 2226 849 2267 Propertio

120 2280 361 2321 frequentata.
391 2281 599 2325 Quanquam
613 2283 744 2317 Cicero
756 2289 850 2322 quo-

122 2341 191 2374 qne
218 2335 266 2366 ad
297 2336 502 2374 Terentiam
529 2346 654 2383 suam:
683 2345 740 2378 en,
767 2343 851 2368 mea

124 2388 211 2430 lux,
234 2389 303 2423 etc.
349 2394 447 2425 Mor.
466 2390 575 2425 tunc}

165 2481 221 2513 58.
259 2480 363 2512 Tum.
408 2481 510 2522 put„
548 2482 646 2523 ιω,
681 2478 781 2513 Lem.
815 2480 854 2511 et

96 2539 102 2547 ‘
122 2536 227 2568 Bern.
251 2530 305 2573 (ἓ)
330 2535 429 2567 tunc.
474 2536 528 2567 De
550 2535 851 2567 sententia'conf.

122 2593 156 2634 1,
178 2592 215 2634 4,
237 2591 292 2624 28.
336 2592 427 2632 Reg.
448 2589 594 2630 putavi.
637 2590 683 2622 V.
697 2590 752 2621 54.
773 2589 851 2621 Pol.

124 2645 155 2678 1.
176 2644 260 2678 mei.
304 2646 349 2679 V.
371 2647 425 2678 56.
448 2646 527 2678 Rel.
551 2645 609 2677 tot
628 2645 757 2685 moda}

168 2736 223 2769 57.
258 2734 363 2775 Quod
382 2734 501 2777 potes.
551 2733 628 2766 Pal.
652 2732 707 2775 1.,
734 2734 767 2765 X
789 2732 852 2765 alii

21 2787 38 2822 :5
103 2788 274 2831 Vneimii,
296 2791 418 2833 Rern„
441 2789 560 2823 Berol.
577 2791 614 2821 et
624 2788 703 2821 Bel.
727 2795 851 2830 quam.

124 2845 234 2888 uon,
244 2845 509 2887 nusL,1’11-ck1=.
530 2847 568 2878 et
589 2846 625 2878 11
646 2844 708 2878 alii
728 2844 849 2877 Heius.

916 870 1002 904 qua.
1052 863 1194 904 Reliqui
1225 872 1348 896 omnes
1378 866 1416 897 et
1442 868 1532 900 vett.
1562 869 1642 901 edd.

915 917 1028 958 quoa.
1069 918 1262 960 Scriptura
1283 927 1405 961 quam,
1426 921 1472 952 ab
1495 923 1644 956 Heinsio

915 972 1066 1012 primum
1087 977 1252 1017 recepta,
1275 983 1370 1007 nunc
1399 985 1468 1017 pro
1492 978 1644 1019 vulgata

916 1029 982 1059 eet.
1026 1029 1104 1060 Nec
1127 1030 1172 1061 de
1186 1031 1384 1063 Latinitate
1404 1032 1558 1065 dubitari
1574 1042 1644 1074 po-

918 1085 1000 1115 taet.
1045 1084 1190 1116 Terent.
1213 1085 1301 1118 uec.
1323 1087 1391 1128 IV,
1420 1087 1456 1129 4,
1480 1087 1532 1119 12.
1555 1087 1644 1119 tur-

918 1137 1005 1170 bent
1023 1145 1159 1180 porro,
1181 1147 1294 1181 quam
1315 1140 1444 1172 velint.
1489 1142 1561 1174 Sed
1579 1150 1644 1174 re-

916 1193 1133 1226 stituendum
1157 1198 1213 1227 est
1250 1196 1369 1237 qumi,-
1414 1196 1467 1228 ita
1499 1196 1645 1237 integra

916 1249 1097 1280 sententia
1110 1249 1198 1282 erit:
1220 1250 1333 1283 Nunc
1353 1250 1395 1283 si
1414 1250 1543 1293 forte
1562 1261 1644 1293 po-

918 1304 1005 1345 tes,
1031 1306 1112 1342 (sed
1135 1314 1223 1338 non
1250 1307 1417 1348 potes-,J
1432 1307 1563 1348 gaude
1582 1330 1591 1338 .
1610 1319 1644 1347 .,·

917 1359 1039 1400 quod
1082 1361 1238 1398 (tamen)
1280 1363 1438 1403 potes,
1482 1362 1646 1394 extenua

916 1414 1020 1446 mala
1040 1413 1140 1455 forti
1162 1415 1276 1447 corde
1288 1418 1368 1453 (ea)
1378 1416 1551 1458 ferendo.
1589 1418 1645 1450 Ac

915 1470 971 1501 sic
992 1470 1076 1510 plus
1099 1473 1236 1504 centies
1258 1480 1349 1503 unus
1375 1471 1463 1503 dixit
1484 1471 1644 1504 Ovidius.

916 1526 1004 1557 Met.
1026 1526 1059 1567 I,
1093 1527 1185 1569 657.,
1224 1527 1292 1568 IV,
1326 1526 1418 1568 684„
1449 1527 1518 1568 VI,
1550 1527 1645 1569 208„

916 1580 1002 1622 vn,
1031 1581 1106 1613 147.
1115 1604 1129 1624 ,
1161 1584 1260 1615 Fast.
1282 1583 1333 1623 V,
1361 1582 1453 1623 472„
1482 1582 1589 1614 'rr-ist.
1612 1584 1645 1624 I,

915 1635 953 1677 7,
970 1637 1018 1678 8.,
1040 1637 1108 1678 IV,
1131 1637 1167 1678 2,
1190 1637 1255 1676 57.,
1277 1637 1345 1677 IV,
1369 1638 1405 1677 3,
1422 1636 1489 1679 18.,
1503 1638 1571 1678 IV,
1586 1637 1645 1680 10,

918 1690 1010 1732 112.,
1034 1692 1119 1723 Her.
1141 1693 1189 1732 X,
1211 1692 1282 1732 53.,
1303 1692 1404 1732 XIII,
1426 1690 1497 1731 41„
1520 1692 1647 1723 Amor.

917 1749 949 1789 l,
972 1748 1008 1789 4,
1033 1749 1101 1788 65.,
1123 1748 1204 1778 Art.
1226 1747 1269 1778 A.
1292 1747 1342 1788 11,
1365 1747 1456 1787 633„
1479 1746 1583 1776 Pont.
1595 1747 1645 1787 11,

919 1802 977 1844 10,
1011 1802 1065 1834 47.
1132 1798 1231 1842 Quos
1264 1801 1368 1833 locos
1402 1801 1568 1834 Heinsius
1607 1803 1647 1834 et

918 1858 1141 1892 Burmannus
1170 1863 1285 1896 prope
1314 1863 1437 1888 omnes
1465 1865 1645 1898 corrupe-

917 1914 1018 1953 runt,
1040 1910 1092 1942 uti
1121 1910 1228 1942 etiam
1255 1910 1366 1950 plane
1386 1910 1539 1944 similem
1561 1913 1644 1945 huic

916 1967 1003 2000 loco
1026 1967 1111 1999 Her.
1132 1967 1234 2008 VIII,
1257 1968 1289 1998 5.

984 2057 1071 2091 Quod
1092 2056 1188 2093 potui,
1212 2055 1373 2090 renuisne
1398 2063 1458 2084 non
1482 2056 1579 2085 invita
1596 2060 1644 2086 te-

1159 2124 1162 2126 ,
1313 2108 1422 2135 nerei-3

1032 2144 1141 2172 Cetera
1165 2143 1314 2171 femineae
1342 2152 1403 2172 non
1426 2145 1551 2173 valuere
1576 2153 1644 2174 ma-

1312 2196 1380 2218 nus.

917 2258 999 2291 Vid.
1032 2257 1140 2290 etiam
1168 2257 1272 2298 Eleg.
1307 2258 1353 2288 ad
1385 2257 1465 2289 Liv.
1492 2255 1537 2300 [v.
1566 2261 1646 2293 237.

916 2313 1012 2346 Busl.
1024 2314 1190 2345 attenua.
1234 2310 1449 2354 Bern.forti
1469 2320 1518 2343 m.
1541 2321 1644 2346 men-

917 2371 965 2403 te.
1008 2369 1156 2403 Merkel
1178 2368 1293 2400 dedit:
1317 2375 1430 2409 quam
1448 2367 1570 2407 potes.

960 2462 1014 2494 58.
1048 2460 1110 2494 Aa
1138 2468 1243 2503 quae.
1304 2460 1413 2502 vulg.
1443 2460 1495 2493 ad
1525 2463 1643 2504 mala,

918 2520 955 2549 et
976 2517 1029 2550 sic
1052 2516 1159 2549 etiam
1191 2517 1282 2548 vett.
1312 2516 1417 2557 edd.,
1446 2516 1515 2549 nisi
1548 2519 1646 2559 quod

916 2571 1060 2604 Veneta
1072 2574 1116 2614 1.‚
1137 2573 1230 2604 Ven.
1253 2579 1286 2603 a.
1311 2571 1423 2613 1486„
1436 2573 1474 2603 et
1485 2571 1567 2603 Vic.
1590 2573 1643 2604 at.

918 2626 1061 2668 Guelf„
1095 2627 1207 2669 Beg.,
1237 2627 1333 2659 Gall.
1341 2648 1355 2668 ,
1384 2627 1479 2659 Mor.
1487 2648 1502 2668 ,
1531 2627 1643 2669 Busl.,

916 2681 990 2712 Pal.
1014 2682 1069 2723 2.,
1097 2681 1169 2713 vn
1198 2681 1259 2713 alii
1280 2682 1416 2723 Heius„
1449 2682 1548 2722 seg„
1571 2682 1642 2712 Be-

917 2736 1003 2778 roL,
1026 2737 1170 2778 Dresd.,
1191 2736 1323 2768 Franc-
1346 2742 1369 2766 ει
1391 2736 1424 2767 2.
1444 2744 1505 2777 m.,
1516 2736 1596 2768 Bel.
1619 2743 1643 2768 a

917 2790 950 2821 2.
972 2798 1017 2821 m.
1039 2790 1092 2822 aa
1112 2797 1219 2831 quae.
1262 2780 1402 2832 pam„
1415 2791 1508 2833 put,
1520 2791 1642 2833 serv„

917 2845 1032 2887 Leid„
1054 2846 1149 2887 Iun„
1170 2846 1239 2877 XII
1259 2836 1324 2878 alii
1345 2845 1487 2890 Heius„
1516 2846 1595 2878 Bel.
1618 2853 1642 2878 a
