1846 3146
174 181 273 231 420
415 182 472 232 Ρ.
508 181 730 232 OVIDH
763 181 1077 234 NASONIS
1111 182 1455 237 TRISTIUM

173 302 408 352 Ponticus
443 303 612 364 heroe,
647 304 832 353 Bassus
868 321 1058 370 quoque
1095 306 1258 356 clarus
1291 307 1464 367 iambe,

238 386 420 435 Dulcia
454 389 711 436 convictus
743 388 952 437 membra
985 388 1125 438 fuere
1158 392 1277 451 mei3

172 468 242 517 Et
274 472 429 518 tenuit
462 475 655 518 nostras
689 485 970 519 numerosus
1005 472 1241 520 Horatius
1277 488 1436 535 aures,

239 551 367 600 Dum
399 551 515 601 ferit
547 552 772 602 Ausonia
807 556 1016 603 carmina
1051 554 1183 603 culta
1217 554 1342 621 lyra.
1628 557 1694 607 50
1725 616 1727 618 ¹

214 701 269 734 47.
305 700 485 734 Ponticus
507 702 634 746 poeta,
658 704 717 745 qui
742 703 901 736 Thebai·-

171 757 241 799 αα,
265 757 344 789 sive
365 757 500 789 bellum
523 759 595 790 VII
614 760 790 791 adversus
805 760 900 791 'rhe-

170 813 235 845 bas
259 815 296 845 et
318 812 499 846 infelicem
525 822 682 856 pugnam
712 814 900 855 Polynicis

170 870 208 901 et
229 868 392 902 Eteoclis
422 869 579 901 heroicis
610 870 775 902 versibus
800 870 900 902 ceci-

168 923 233 956 nit.
287 924 370 956 Vid.
400 925 603 958 Weichert.
635 927 679 958 de
709 925 752 957 1..
782 924 898 958 Vario

167 978 280 1020 poeta
302 989 336 1020 p.
361 979 436 1013 147.

210 1035 320 1076 Prop.
344 1037 376 1078 Ι,
406 1036 438 1068 7.

231 1109 310 1138 Dum
335 1109 391 1138 tibi
415 1109 563 1138 Cadmeae
587 1107 737 1144 dicuntur,
761 1109 897 1145 Pontice,

567 1153 698 1186 Thebae,

279 1196 431 1234 Armaque
456 1198 609 1226 fraternae
636 1197 735 1225 tristia
758 1198 896 1234 militiae,

230 1241 342 1279 Atque,
365 1243 409 1271 ita
431 1243 488 1272 sim
513 1242 597 1275 felix,
621 1242 720 1276 -primo
739 1245 895 1273 contendis

562 1286 704 1319 Homero,

280 1330 349 1361 Sint
365 1330 453 1359 modo
471 1329 535 1358 fata
553 1331 614 1358 tuis
632 1329 736 1358 mollia
753 1330 894 1359 carmini-

558 1375 625 1402 bus.

207 1442 348 1476 Heroo.
393 1444 492 1476 Fast.
515 1446 566 1486 Π,
591 1444 665 1476 126.

277 1534 310 1538 -
346 1533 380 1538 -
413 1534 447 1539 —-
469 1519 555 1546 heroi
572 1527 622 1547 res
641 1522 707 1547 erat
724 1519 776 1547 illa
794 1521 890 1555 pedis.

162 1588 244 1620 Hoc
266 1589 389 1620 tamen
410 1588 495 1620 loco
517 1589 612 1630 pede
626 1589 760 1631 omisit,
785 1591 824 1621 ut
847 1599 891 1622 ο-

161 1645 342 1678 rationem
366 1643 419 1675 illi
433 1642 566 1675 iambis
583 1646 739 1683 aptaret.
772 1643 890 1686 Quint.

161 1702 188 1732 Ι.
214 1700 253 1732 Ο.
278 1701 338 1732 ΙΧ.
364 1708 394 1731 c.
417 1700 447 1732 4.
473 1700 525 1732 88.
556 1699 709 1740 herous,
744 1699 807 1740 qui
837 1701 891 1732 est

161 1754 259 1787 idem
283 1755 468 1794 dactylus.
513 1755 549 1787 V
572 1755 715 1794 Heius„
740 1754 846 1786 Goth.
869 1763 892 1785 a

157 1812 192 1843 1.
218 1820 278 1853 ιιι,
302 1811 422 1843 Guelf.
446 1818 468 1841 a
492 1811 522 1841 2.
546 1819 590 1841 m.
613 1812 650 1840 et
665 1811 770 1841 Bern.
792 1809 891 1841 iam-

159 1866 216 1898 bo.
276 1866 349 1898 Sed
378 1865 517 1904 reliqui
559 1866 662 1897 codd.
696 1874 817 1897 omnes
855 1869 891 1898 et

160 1925 250 1955 vett.
275 1922 352 1952 edd.
379 1919 522 1951 iambiS.

202 1978 357 2009 Bassus.
402 1976 476 2007 Pal.
502 1975 530 2006 1.
554 1975 739 2006 Bacchus.
783 1974 888 2008 Crev.

158 2032 323 2064 Bachus.
369 2030 449 2062 Rel.
472 2030 612 2061 Bacus.
659 2031 779 2062 Guelf.
804 2031 888 2062 Ba-

108 2087 110 2091 ‘
158 2087 230 2119 tus.
276 2086 403 2119 Dresd.
428 2087 465 2117 et
487 2086 591 2116 Bern.
612 2085 768 2117 Batlms.
813 2089 887 2119 Re..

156 2141 245 2181 liqui
268 2141 403 2172 vetusti
426 2140 511 2172 libri
540 2141 698 2180 Battus,
733 2144 772 2173 ut
803 2143 887 2174 olim

158 2198 371 2228 constanter
395 2196 584 2237 edebatur,
604 2204 705 2236 quam
725 2199 886 2238 scriptu-

156 2260 235 2283 ram
259 2252 365 2283 etiam
390 2252 551 2283 defendit
572 2253 615 2283 L.
641 2251 682 2283 C.
710 2255 759 2286 M.
784 2256 886 2294 Apu-

154 2307 214 2338 lei.
239 2307 282 2337 de
307 2306 525 2348 ortograph.
550 2307 583 2347 S.
608 2307 660 2339 43.
685 2310 722 2339 et
744 2308 819 2340 eius
844 2317 886 2340 e-

156 2362 252 2394 ditor
275 2362 336 2394 Fr.
359 2362 491 2394 Osann.
540 2363 612 2394 Sed
637 2363 795 2394 Battum
817 2372 885 2396 au-

156 2420 261 2449 ctore
290 2417 493 2450 erichert.
522 2417 547 2449 l.
577 2417 602 2448 1.
633 2418 886 2450 animadvertit

153 2473 241 2504 lahn
274 2480 404 2504 nomen
438 2480 532 2504 esse>
555 2473 750 2514 Graecum,
781 2473 883 2506 Lati-

153 2536 237 2559 num
270 2535 402 2559 nomen
435 2535 515 2560 esse
550 2528 729 2568 Bassum,
775 2530 883 2568 atque

153 2591 232 2614 eam
255 2583 474 2623 scripturam
499 2591 623 2615 veram
642 2590 724 2615 esse
747 2582 883 2613 confir-

152 2639 252 2668 mant
273 2637 500 2680 Fulgentius,
525 2641 562 2670 et
585 2638 644 2679 qui
668 2639 704 2669 et
726 2637 819 2677 ipse,
843 2638 883 2668 ut

152 2693 274 2733 Naso,
304 2693 403 2724 Bassi
433 2693 596 2733 aequalis
626 2694 664 2724 et
693 2693 882 2725 familiaris

151 2747 235 2789 fuit,
256 2748 363 2788 Prop.
387 2749 418 2790 1,
442 2748 472 2780 4.
525 2749 615 2781 Nam
638 2748 732 2779 haud
755 2748 881 2778 diver-

151 2811 228 2834 sum
261 2803 356 2835 hunc
395 2804 542 2834 Bassum
584 2810 605 2834 a
640 2802 880 2842 Propertiano

150 2860 217 2891 illo
247 2866 327 2891 esse
361 2858 464 2890 fidem
494 2857 583 2890 fecit
612 2858 814 2891 VVeicbert.
843 2857 879 2888 in

969 702 1166 738 Comment.
1200 706 1244 737 de
1289 706 1332 737 L.
1369 705 1485 738 Vario
1517 704 1628 747 poeta
1659 715 1694 747 p.

968 759 1166 792 139—148.
1223 760 1305 793 vid.
1332 760 1488 802 interpp.
1517 762 1563 793 ad
1585 762 1693 802 Prop.

967 816 1000 856 1,
1023 815 1079 857 4.,
1113 817 1159 848 ad
1182 814 1301 858 Quint.
1334 818 1361 848 1.
1391 817 1432 850 Ο.
1461 817 1504 848 X.
1533 823 1565 848 c.
1589 815 1636 859 1.‚
1651 818 1694 850 A.

968 871 1062 903 Gell.
1085 871 1129 903 N.
1153 874 1196 904 Α.
1220 873 1286 904 111.
1306 879 1337 903 c.
1357 872 1387 903 9.
1410 871 1544 903 XVIII.
1570 879 1601 903 c.
1626 871 1694 914 19.,

966 926 1133 967 Fulgent.
1150 936 1185 967 p.
1208 927 1283 960 179.
1306 927 1361 958 ed.
1385 927 1554 960 Munker.
1589 927 1694 960 Scri-

965 982 1039 1022 psit
1062 985 1196 1025 autem,
1230 982 1269 1014 ut
1292 990 1338 1014 ex
1359 983 1392 1014 h.
1413 983 1439 1014 l.
1461 983 1693 1026 intelligitur,

965 1036 1117 1079 satiras3
1140 1046 1223 1070 nam
1246 1026 1532 1079 satirae.pi·iscis
1550 1040 1692 1079 tempo—

964 1091 1063 1122 ribus
1086 1093 1340 1125 scribebantur
1361 1093 1502 1134 iambis,
1515 1093 1609 1126 unde
1622 1102 1693 1126 vo-

965 1147 1130 1179 cabulum
1162 1145 1341 1192 ἰαμβίζειν
1369 1149 1592 1182 Graecorum
1623 1157 1693 1181 na-

965 1202 1038 1232 tum
1063 1204 1129 1234 est.
1180 1203 1262 1235 Vid.
1292 1205 1421 1237 Athen.
1452 1205 1506 1237 IV
1509 1226 1532 1246 .,
1555 1204 1692 1245 scalig.

963 1256 1066 1288 Poet.
1091 1259 1118 1289 1.
1143 1265 1174 1290 c.
1198 1258 1250 1290 12.
1274 1260 1311 1291 et
1333 1259 1387 1291 84.
1410 1261 1447 1291 et
1470 1259 1623 1293 casaub.
1644 1260 1692 1292 ad

963 1312 1063 1344 Pers.
1087 1313 1164 1345 Sat.
1186 1314 1252 1346 Vl.
1274 1323 1308 1355 p.
1332 1314 1409 1346 477.

1008 1389 1061 1421 48.
1098 1386 1309 1422 Convictus.
1353 1390 1435 1423 Vid.
1458 1392 1492 1433 Ι,
1514 1390 1551 1433 8,
1573 1391 1627 1424 29.
1647 1407 1692 1414 -

963 1446 1069 1477 Serv.
1093 1444 1321 1478 coniunctus.
1351 1446 1449 1478 Busl.
1463 1445 1574 1487 fuere
1589 1444 1692 1479 mihi.

1004 1522 1057 1554 49.
1093 1521 1146 1554 Et
1168 1522 1295 1555 tenuit.
1340 1523 1403 1556 Sic
1421 1524 1491 1555 duo
1506 1523 1606 1556 Vatt.
1621 1532 1691 1566 pro

960 1578 1059 1619 vulg.
1084 1577 1256 1610 detinuit.
1289 1577 1398 1622 Clot-
1433 1579 1578 1621 Tenuit,
1595 1580 1692 1613 mul-

959 1633 1028 1674 sit,
1060 1634 1267 1666 delectavit.
1331 1633 1406 1666 Cic.
1437 1636 1483 1666 ad
1511 1636 1613 1667 Fam.
1642 1636 1689 1668 V.

959 1689 1024 1728 Ep.
1050 1688 1101 1719 13.
1137 1689 1263 1720 tenere
1290 1688 1506 1729 saepissime
1536 1691 1593 1722 est
1617 1691 1688 1724 de-

960 1744 1116 1784 lectare,
1138 1744 1337 1783 voluptate
1359 1743 1527 1786 afficere.
1573 1747 1688 1778 Acad.

958 1800 1021 1831 IV.
1039 1798 1081 1829 ut
1093 1797 1192 1829 oculi
1211 1798 1370 1838 pictura
1388 1799 1598 1840 teneantur,
1614 1808 1687 1832 au·
1703 1810 1706 1811 ⁷

959 1863 1022 1886 res
1038 1853 1219 1885 cantibus.
1249 1854 1339 1886 Plin.
1359 1855 1423 1887 IV.
1440 1855 1506 1894 Ep.
1525 1854 1578 1886 13.
1609 1853 1688 1893 Quo

956 1918 1093 1950 yenere
1111 1908 1321 1949 spectaculi
1336 1918 1382 1953 ne
1401 1908 1583 1948 levissime
1600 1909 1687 1951 qui-

958 1963 1041 1995 dem
1064 1964 1203 1995 teneor.
1261 1964 1344 1997 vid.
1368 1964 1524 2005 interpp.
1550 1965 1594 1996 ad
1618 1964 1685 1997 Ov.

958 2021 1046 2066 Met.
1070 2020 1143 2060 IV,
1173 2019 1249 2050 283.
1279 2021 1316 2051 et
1346 2020 1392 2050 ad
1414 2020 1514 2052 Fast.
1537 2021 1605 2062 IV,
1629 2021 1685 2052 20.

955 2075 1074 2106 —Ed.
1087 2083 1142 2114 pr.
1155 2075 1292 2115 Heius„
1315 2074 1478 2115 reliquae
1497 2074 1576 2105 edd.
1587 2064 1686 2106 saec.

955 2128 1049 2171 XV„
1062 2131 1167 2161 Serv.
1192 2132 1229 2161 et
1246 2130 1281 2162 V
1297 2129 1360 2160 alii
1382 2130 1501 2161 Heius.
1513 2128 1686 2162 detinuit.

999 2208 1052 2238 50.
1086 2207 1186 2238 Dum
1211 2204 1310 2247 ferit
1337 2204 1516 2237 Ausonia.
1559 2205 1686 2239 Aonia

953 2262 1017 2292 IV.
1029 2263 1118 2294 vett.
1142 2260 1290 2292 Hmzvs.
1314 2262 1403 2293 Hor.
1419 2262 1483 2294 0d.
1499 2263 1570 2305 IV,
1581 2263 1617 2305 ³,
1627 2262 1682 2295 28.

1069 2324 1174 2351 Totum
1193 2324 1325 2352 muneris
1343 2325 1401 2353 boc
1419 2324 1463 2352 tui
1481 2328 1538 2360 est,

1018 2367 1105 2400 Quod
1122 2370 1272 2395 monstror
1290 2368 1385 2403 digito
1402 2370 1660 2403 praetereuntium

1066 2411 1258 2439 Romanae
1278 2411 1387 2439 fidicen
1405 2413 1500 2448 lyrae.

951 2468 1011 2501 ubi
1039 2469 1110 2501 vid.
1142 2470 1292 2502 Bentlei.
1350 2471 1454 2504 Conf-
1491 2472 1578 2522 llior.
1614 2470 1680 2508 Od.

950 2526 1018 2566 111,
1041 2526 1099 2566 30,
1123 2524 1175 2556 13.
1199 2527 1236 2558 et
1258 2526 1371 2566 Epist.
1394 2527 1426 2567 1,
1450 2526 1507 2567 19,
1531 2525 1584 2558 32.
1607 2525 1679 2559 ibi-

951 2588 1019 2620 que
1042 2580 1196 2612 Schmid.
1241 2580 1415 2613 Nimirum
1427 2577 1595 2612 Ausonia
1617 2578 1679 2618 ly-

950 2641 1000 2665 ra
1023 2635 1184 2666 carmina
1206 2636 1320 2667 ferire
1346 2635 1477 2667 dicitur
1505 2634 1680 2676 Flaccus,

951 2690 1032 2730 quia
1076 2690 1212 2730 primus
1257 2690 1402 2732 lyrica,
1446 2695 1539 2731 quae
1583 2688 1680 2729 apud

951 2746 1115 2777 Graecos
1127 2746 1172 2776 ad
1183 2745 1305 2785 lyram
1317 2746 1556 2786 canebantur,
1574 2751 1678 2775 com-

948 2801 1079 2840 posuit.
1126 2800 1209 2832 Vid.
1234 2803 1308 2833 not.
1333 2802 1378 2832 ad
1398 2801 1465 2841 111,
1481 2799 1518 2840 8,
1540 2798 1592 2830 12.
1622 2798 1679 2830 De

947 2854 1114 2887 Ausonia
1123 2863 1192 2895 pro
1204 2856 1336 2888 Latina
1354 2854 1424 2888 vid.
1435 2856 1510 2888 not.
1525 2854 1571 2886 ad
1588 2854 1623 2896 1,
1640 2853 1678 2896 8,
