1846 3146
143 197 243 247 246

148 319 277 370 Dum
310 321 470 365 tamen
506 318 556 363 et
588 311 732 360 terris
768 307 942 358 dubius
976 303 1194 354 iactabar
1225 306 1276 350 et
1307 297 1467 358 undis,
1512 355 1517 357 α

386 193 444 243 P.
464 187 703 242 xOVIDII
735 181 1050 236 NASONIS
1083 176 1427 231 TRISTIUM

1609 293 1677 343 15

215 397 448 454 Fallebat
483 411 625 446 ouras
657 405 902 457 aegraque
937 387 1089 439 eorda
1121 384 1286 443 labor3
1373 443 1379 451 ,

150 486 220 536 Ut
253 485 338 533 via
371 481 506 530 finita
540 482 616 528 est
651 480 700 524 et
734 491 856 542 opus
889 472 1132 537 requievit
1164 465 1327 526 eundi,
1380 489 1383 491 <

220 566 288 615 Et
319 577 510 630 poenae
542 559 692 609 tellus
727 563 804 608 est
834 555 949 605 mihi
981 558 1113 603 tacta
1145 565 1307 610 meae;

153 649 246 700 Nil
278 649 374 696 nisi
405 647 525 695 flere
558 643 696 703 libet,
732 656 825 690 nee
858 642 1026 688 nostro
1059 636 1257 703 parcior
1289 629 1442 679 imber

221 731 442 790 Lumine,
480 727 543 776 de
575 740 732 775 verna
766 739 904 788 quam
937 722 1053 770 nive
1084 721 1243 767 manat
1282 729 1418 778 aqua.

156 816 314 866 Roma
349 811 614 875 domusque
647 808 777 857 subit
812 804 1202 866 desideriumque
1235 798 1472 854 locorum,

1619 707 1686 756 20

1624 781 1679 792 ...α

227 893 472 962 Quicquid
506 897 556 942 et
590 892 767 941 amissa
799 892 953 937 restat
985 889 1035 935 in
1066 884 1188 934 urbe
1220 881 1330 941 mei,

207 1058 259 1091 15.
292 1055 348 1089 Et
370 1053 498 1088 terris.
550 1054 607 1086 Ita
638 1051 774 1094 Guelf„
797 1051 893 1093 Put.,

160 1116 269 1157 neg„
299 1113 414 1160 Gau„
441 1112 570 1151 Serv„
592 1107 670 1140 Pal.
700 1108 748 1144 2.,
778 1106 893 1148 Leid.‚

162 1180 243 1205 exc.
276 1171 407 1210 Voss„
441 1168 544 1206 Iun.',
578 1163 665 1196 XVI
696 1161 819 1194 Heius.
857 1163 895 1193 et

163 1227 322 1260 eiusdem
345 1224 401 1256 ed.
425 1230 495 1263 pr.,
517 1218 661 1259 Dresd.‚
680 1217 802 1258 Bern.,
815 1216 894 1248 Rel.

165 1285 204 1316 et
225 1281 346 1315 Berol.
367 1294 412 1303 --
434 1276 512 1309 Pol.
536 1274 566 1307 1.
591 1275 628 1305 et
648 1273 681 1304 2.
706 1271 743 1303 et
766 1269 897 1303 ternis.

165 1340 263 1372 Mor.
288 1337 325 1368 et
347 1335 384 1366 11
406 1332 471 1365 alii
494 1331 530 1363 et
553 1330 665 1362 terra
687 1335 708 1359 e
730 1334 842 1359 versu
864 1325 898 1356 7.

165 1390 310 1434 Reliqui
343 1397 423 1421 cum
454 1387 544 1419 vett.
581 1385 659 1416 edd.
696 1383 734 1415 et
766 1378 900 1421 ventiS,

167 1447 239 1482 nisi
270 1445 364 1486 quod
394 1442 492 1475 Busl.
526 1439 565 1472 in
593 1436 725 1471 ventis.
782 1437 902 1475 Atque

169 1504 208 1536 et
228 1500 360 1542 ventis,
383 1499 478 1540 quod
500 1504 597 1528 nunc
616 1503 684 1536 pro
708 1492 806 1532 vulg.
832 1491 903 1532 est,

169 1558 259 1601 poni
280 1563 406 1598 posse,
437 1552 567 1594 negari
594 1559 668 1583 non
698 1549 836 1590 potest,
858 1553 903 1578 ao

170 1619 284 1653 saepe
305 1610 437 1643 ventos
460 1616 505 1641 ac
527 1601 728 1639 undas-'ita
751 1602 905 1634 coniun-

171 1668 211 1710 gi
232 1665 407 1707 exemplis
439 1661 658 1696 ostendimus
681 1660 726 1691 ad
749 1659 835 1691 Her.
855 1658 907 1698 11,

174 1725 229 1757 35.
282 1723 357 1756 Sed
386 1721 458 1753 hoe
485 1718 571 1750 loco
602 1714 687 1748 mihi
709 1713 849 1746 rectior
871 1712 909 1743 et

174 1779 335 1823 genuina
365 1775 552 1816 scriptura
581 1771 728 1803 videtur
758 1773 839 1799 esse
873 1766 910 1798 et

175 1832 308 1874 terris,
343 1839 449 1872 quum
479 1827 614 1868 duplex
642 1825 713 1857 iter
742 1823 780 1855 et
801 1822 911 1854 terra

178 1890 216 1922 et
237 1885 339 1920 mari
364 1886 471 1918 etiam
494 1891 606 1916 versu
627 1881 660 1912 7.
674 1878 849 1920 tetigerit,
874 1878 911 1909 et

177 1944 236 1978 hic
257 1944 366 1975 locus
390 1941 436 1972 ad
458 1940 559 1971 illum
582 1934 774 1976 respiciat:
797 1941 910 1973 supra

179 2000 275 2032 enim
309 1996 414 2029 dixit:
459 1992 709 2036 postquam
741 1982 912 2028 plurima

168 2052 360 2097 ‘pericula
380 2049 550 2091 pelayo
580 2045 625 2077 et
648 2044 781 2075 terra
801 2050 912 2083 pas-

181 2118 265 2143 sus
298 2115 413 2148 sum,
436 2129 446 2137 .
470 2127 479 2136 .
505 2114 536 2143 .,·
570 2099 766 2134 hocloco:
798 2096 913 2128 Atta-

182 2173 267 2198 men
297 2163 400 2196 dum
430 2159 474 2192 et
507 2153 658 2190 terris
685 2151 915 2185 iactabar

185 2220 232 2253 et
252 2217 393 2251 undis
506 2214 663 2246 Prorsus
687 2198 814 2242 eodem
834 2216 916 2240 mo-

186 2277 233 2309 do
257 2275 327 2316 IV,
349 2273 387 2315 8,
410 2271 463 2304 15.

229 2374 234 2378 ,
251 2359 487 2369 —————
503 2342 555 2379 qui
573 2350 620 2370 me
639 2344 830 2376 terraque
846 2345 918 2366 ma-

584 2387 697 2422 rique

254 2435 390 2464 Actum
408 2432 583 2463 Sarmaticis
601 2437 768 2466 exposuere
787 2428 876 2457 locis.

192 2505 298 2539 Conf.
328 2505 402 2546 IV,
427 2502 485 2544 10,
517 2501 594 2534 107.
616 2501 653 2533 et
682 2501 714 2541 Ι,
746 2498 803 2541 11,
826 2500 857 2531 9.
879 2515 924 2521 ·—-

189 2560 296 2602 virg.
320 2560 411 2592 Aen.
434 2559 466 2600 1,
490 2558 521 2589 3.

258 2633 535 2661 -——multum
553 2630 607 2658 ille
633 2631 672 2657 et
705 2626 828 2655 terris
862 2626 925 2653 ia-

590 2675 715 2702 ctatus
742 2670 924 2699 etundis.

241 2759 293 2792 16.
329 2756 468 2792 Labor.
524 2754 600 2787 Pal.
630 2753 684 2795 1.‚
717 2753 792 2783 Iun.
817 2752 853 2783 et
874 2750 927 2782 IV

199 2814 263 2848 alii
285 2815 409 2847 Heius.
432 2811 556 2844 dolor.
603 2810 674 2843 Sed
693 2806 818 2846 labor,
842 2813 874 2845 q.
896 2811 927 2835 e.

197 2869 366 2905 molestia
388 2870 426 2902 et
442 2866 643 2910 periculum
661 2862 815 2903 itineris,
837 2868 928 2895 con-

960 1048 1123 1081 firmatur
1167 1045 1205 1076 et
1245 1043 1382 1075 natura
1419 1035 1621 1071 sententiae
1656 1036 1693 1067 et

958 1111 1087 1136 versus
1110 1095 1359 1139 subsequentis
1381 1093 1503 1127 verbis
1517 1099 1610 1132 opus
1621 1098 1689 1122 re-

960 1154 1099 1199 quievit
1122 1152 1243 1186 eundi.

1006 1242 1058 1275 17.
1094 1241 1198 1275 eonf.
1221 1239 1290 1281 Ν,
1313 1237 1350 1280 1,
1376 1236 1431 1269 ει.

1009 1330 1062 1364 18.
1101 1326 1234 1360 Tacta.
1295 1325 1397 1380 Yett.
1435 1321 1515 1353 edd.
1547 1319 1697 1361 praeter

965 1390 1102 1420 Bonon.
1123 1382 1244 1426 facta.

1011 1453 1161 1486 Poenae
1185 1449 1308 1488 tellus,
1331 1443 1442 1479 Tomi.
1484 1439 1571 1475 Vid.
1594 1438 1641 1470 ad
1665 1437 1699 1478 1,

969 1509 1005 1550 2,
1029 1508 1082 1539 85.

1016 1595 1069 1628 19.
1087 1566 1218 1626 Libet.
1261 1589 1411 1628 Bersm.,
1432 1584 1528 1628 Put.,
1549 1583 1627 1616 Pal.
1651 1581 1701 1622 2.,

972 1650 1115 1691 Ber01.,
1147 1646 1279 1687 Crem,
1313 1643 1393 1678 Bel.
1423 1649 1446 1674 a
1474 1640 1505 1674 1.
1535 1648 1580 1672 m.
1603 1636 1702 1670 licet.

973 1707 1082 1741 Hafn.
1105 1700 1231 1736 vacat.

1018 1780 1157 1814 Imber.
1202 1778 1236 1820 Ι,
1253 1778 1289 1819 3,
1301 1775 1354 1808 18.
1399 1772 1481 1806 Nec
1497 1768 1630 1803 nostro
1643 1767 1706 1799 lu-

975 1837 1073 1871 mine
1082 1832 1245 1878 parcior
1259 1831 1390 1871 imber,
1404 1835 1515 1870 quam
1525 1826 1551 1859 d
1558 1834 1577 1857 e
1588 1830 1709 1856 verna

976 1894 1061 1927 nive
1073 1901 1121 1925 m.
1137 1900 1172 1923 a.
1220 1886 1513 1929 Praepositiones
1532 1886 1709 1923 persaepe

978 1952 1092 1993 primo
1106 1950 1191 1981 loco
1205 1955 1227 1978 a
1242 1943 1362 1986 poetis
1377 1938 1491 1973 omitti
1502 1939 1626 1969 notum
1641 1935 1709 1966 est.

978 2008 1060 2041 Vid.
1083 2007 1237 2043 interpp.
1266 2000 1312 2032 ad
1340 1998 1427 2030 Hor.
1460 1993 1524 2026 Οὐ.
1554 1991 1625 2032 111,
1648 1990 1708 2030 25,

979 2065 1011 2096 2.
1034 2064 1071 2094 et
1095 2062 1141 2103 ad
1163 2057 1276 2098 Epist.
1299 2054 1349 2094 11,
1374 2051 1409 2092 1,
1432 2049 1486 2080 25.
1530 2045 1711 2086 Exempla

981 2115 1099 2151 ovidii
1126 2114 1211 2145 sunt
1240 2110 1328 2142 Met.
1358 2106 1448 2147 vn,
1491 2103 1584 2144 7⁰8„
1628 2101 1712 2142 ΧΠ,

982 2171 1074 2212 124.,
1097 2170 1182 2201 uer.
1205 2164 1310 2205 vm,
1334 2160 1427 2201 110„
1448 2160 1492 2191 A.
1515 2159 1559 2191 A.
1581 2157 1614 2198 1,
1638 2155 1714 2187 333.

982 2225 1194 2269 Quanquam
1216 2224 1376 2252 manare
1399 2214 1508 2247 etiam
1523 2220 1603 2245 cum
1625 2210 1715 2242 sim·-

983 2282 1072 2324 plici
1083 2276 1246 2312 ablativo
1260 2270 1493 2307 construitur.
1537 2267 1626 2302 Me‘t.
1648 2267 1718 2308 111,

985 2338 1040 2370 85.

1023 2414 1087 2445 20.
1121 2410 1181 2443 De
1203 2415 1325 2440 verna
1347 2410 1470 2447 quam.
1517 2399 1657 2434 ItaPal.
1672 2397 1719 2440 1.,

979 2468 1127 2509 Guelf„
1166 2466 1261 2505 Put.,
1290 2461 1402 2503 Gall„
1430 2460 1580 2499 Franc„
1608 2456 1720 2494 Μοιπ,

991 2526 1086 2565 Iun„
1109 2521 1210 2555 Leid.
1235 2521 1272 2551 et
1293 2518 1400 2551 XVII
1423 2514 1500 2556 alii,
1528 2513 1627 2553 δοες
1649 2510 1720 2540 Be-

993 2579 1063 2612 rol.
1087 2580 1125 2610 et
1147 2576 1277 2609 Dresd.
1311 2590 1355 2597 —-
1387 2571 1464 2605 Pal.
1497 2570 1556 2610 2.,
1601 2567 1721 2606 Serv„

992 2633 1152 2675 Pii-clm,
1176 2632 1231 2663 ed.
1253 2639 1308 2671 pr.
1333 2630 1369 2660 et
1388 2627 1550 2666 reliquae
1563 2623 1653 2655 vett.
1676 2620 1723 2652 de

992 2697 1114 2722 verna
1136 2695 1239 2730 quae.
1286 2684 1383 2718 Busl.
1407 2688 1519 2724 quam
1533 2679 1578 2711 de
1592 2683 1722 2709 verna.

994 2744 1138 2785 Reliqui
1168 2743 1271 2775 codd.
1302 2747 1414 2781 quam
1435 2733 1632 2770 vernasde.
1662 2731 1724 2767 ΝΤ.

994 2802 1048 2834 22.
1079 2801 1149 2832 duo
1182 2797 1303 2832 Heius.
1331 2791 1432 2828 milti.
1490 2788 1611 2824 Guelf.
1645 2794 1669 2820 a
1690 2787 1724 2820 2.

994 2866 1039 2891 m.
1062 2863 1154 2889 Thea.
