1846 3146
604 126 733 176 LIB.
767 126 806 179 Ι.
854 123 1056 174 Eme.
1090 126 1129 173 1.

1560 125 1625 174 39

111 250 333 315 Namque
368 263 428 298 ea
460 249 548 299 vel
580 262 735 308 nemo,
770 247 858 296 vel
890 248 971 312 qui
1003 246 1118 302 mihi
1151 208 1358 296 vulnera
1393 248 1526 307 fecit,

176 331 330 384 Solus
363 331 598 398 Achilleo
631 329 810 380 tollere
841 345 974 379 more
1007 335 1184 396 potest.

1530 330 1627 379 100

112 413 321 464 Tantum
353 429 415 464 ne
438 428 644 474 noceam,
678 412 790 462 dum
822 414 902 462 vis
935 413 1190 479 prodesse,
1226 412 1420 462 videto:

178 498 306 549 Nam
339 512 454 564 spes
487 502 565 546 ent
595 498 738 545 animi
771 501 940 545 nostra
973 498 1146 545 timore
1177 497 1354 557 minoi-3

7 567 9 573 ,
63 598 67 601 ·
97 576 346 653 'Quaeque
373 578 675 646 quiescebat,
710 595 774 629 ne
805 583 935 628 mota
969 581 1217 628 resaeviat
1249 581 1344 638 ira,

178 663 246 712 Et
265 667 466 730 poenae
497 667 551 711 tu
583 663 655 710 sis
687 661 843 710 altera
877 677 1040 722 causa,
1077 677 1216 711 cave.
1251 689 1319 697 -—-

67 748 72 753 ’
115 743 238 796 Cum
271 751 429 794 tamen
460 747 511 793 in
543 749 759 793 nostrum
790 744 944 794 fueris
977 744 1231 825 penetrale
1252 750 1495 811 reee1JtuS‚
1534 745 1631 793 105

158 826 557 893 Contigerisque
591 833 743 888 tuam,
779 829 959 904 serinia
992 844 1160 889 curva,
1197 827 1411 887 domum3

112 910 380 977 Adspicies
414 910 521 960 illic
553 913 753 978 positos·
775 927 839 961 ex
873 911 1046 960 ordine
1077 911 1270 972 fratres,

179 993 316 1055 Quos
350 993 559 1043 studium
594 999 797 1044 cunctos
830 993 1092 1059 evigilavit
1125 994 1266 1045 idem.

49 1170 52 1171 ⁷
156 1126 233 1158 100.
280 1121 450 1160 Achilleo
463 1143 509 1150 ·—·
522 1134 636 1160 more.
661 1128 743 1161 vid.
763 1131 838 1161 not.

113 1183 160 1214 aa
180 1184 231 1225 11,
261 1182 314 1215 19.
346 1183 383 1215 et
413 1183 488 1224 ιν,
508 1185 545 1226 5,
568 1184 622 1216 22.
647 1201 689 1206 —
712 1185 839 1217 Dresd.

71 1236 74 1239 “
93 1245 136 1270 ’τι
157 1237 190 1270 1.
211 1246 257 1270 ιιι.
279 1237 438 1293 pellere.

157 1302 232 1348 1'01.
276 1316 382 1358 neg„
418 1315 530 1358 ean„
572 1318 683 1359 Mon,
728 1317 840 1359 nusi,

112 1374 205 1414 Iun„
248 1371 416 1413 Pirekh„
461 1374 499 1404 et
536 1373 570 1404 x
605 1372 668 1405 alii
703 1372 840 1414 Heius„

112 1429 246 1469 Rern„
281 1427 383 1468 seg„
414 1427 469 1459 ed.
492 1436 548 1467 pr.
577 1427 697 1460 Heius.
726 1429 763 1459 et
785 1421 840 1459 ed.

113 1484 249 1515 Bonon.
271 1482 464 1514 memento.
495 1483 603 1516 Crev.
621 1486 658 1515 et
671 1485 706 1515 11
720 1483 842 1527 Heius.

113 1537 257 1570 caveto.
301 1538 431 1570 Dresd.
467 1547 536 1579 pro
579 1549 614 1571 v.
651 1546 724 1570 scr.
762 1545 841 1570 me-

113 1594 238 1627 mento
261 1593 324 1627 vel
345 1593 488 1625 caveto.

159 1670 236 1703 1⁰2.
258 1668 394 1702 Animi.
436 1670 532 1711 put„
551 1659 599 1702 ir.
622 1671 728 1712 Rev„
751 1672 842 1712 Iun.,

115 1725 230 1767 Leia„
261 1726 362 1766 Seg„
390 1726 539 1767 Franc„
568 1726 717 1767 Bersm.,
748 1725 844 1766 Bel„

116 1779 241 1821 erem,
262 1787 329 1812 sex
351 1780 413 1812 alii
426 1781 547 1812 Heius.
562 1783 600 1812 et
615 1783 771 1813 eiusdem
789 1783 843 1813 ed.

114 1842 173 1876 pr.
202 1833 338 1866 animo.
393 1837 488 1868 Mor.
531 1843 690 1877 namque
726 1834 846 1868 animi

115 1893 169 1928 (v.
201 1889 353 1927 animo)
387 1897 474 1930 spes
510 1890 577 1921 est.
623 1891 741 1923 Berol.
770 1898 844 1922 non

114 1953 212 1986 spes-

161 2023 238 2056 103.
276 2020 482 2055 Resaeviat
510 2027 666 2053 novasse
697 2019 844 2052 Ovidius

117 2079 283 2120 videtur,
322 2080 363 2110 ut
398 2077 614 2120 reformare
655 2078 744 2108 Met.
781 2078 845 2118 lx,

119 2134 195 2166 399.
207 2155 221 2175 ,
251 2130 400 2174 resequz·
431 2134 519 2165 Met.
541 2131 642 2172 VIII,
664 2131 756 2172 873„
779 2139 846 2162 re-

119 2188 348 2220 dardescere
369 2188 515 2220 Remed.
539 2188 616 2218 Am.
639 2194 675 2216 v.
689 2185 781 2234 7334„
802 2187 846 2218 de

119 2246 190 2284 qua
210 2251 254 2276 re
274 2243 371 2275 infra
392 2242 556 2284 pluribus
580 2241 730 2273 dicetur.
775 2242 846 2272 Be-

118 2299 189 2332 rol.
211 2307 236 2330 a
258 2298 289 2330 1.
310 2307 358 2331 ιιι.
378 2297 582 2331 desaeviat.

107 2367 109 2371 ¹
167 2375 242 2408 104.
266 2374 412 2407 Altera.
458 2362 566 2407 Prior
589 2383 718 2408 caussa
737 2381 848 2413 supra

122 2432 328 2474 significata
349 2434 414 2462 est.
461 2430 572 2471 Gau„
595 2431 642 2462 rr.
659 2431 749 2461 Rev.
772 2436 795 2459 a
816 2429 847 2460 2.

121 2494 182 2528 m.,
205 2487 243 2517 et
265 2486 336 2518 VII
367 2484 430 2517 alii
458 2485 596 2526 Heius„
626 2486 747 2525 Rern„
780 2484 850 2514 Be-

122 2541 193 2573 rol.
215 2542 253 2573 et
283 2540 422 2572 Heinsii
451 2542 506 2572 ed.
537 2549 591 2580 pr.
618 2547 762 2579 poenae
806 2546 852 2569 ne

122 2594 186 2627 sis.
231 2596 319 2628 Exc.
357 2596 465 2628 Voss.
472 2617 486 2637 ,
530 2594 696 2634 Pircku,
741 2593 850 2625 Crev.

123 2658 242 2682 causa
262 2658 376 2682 meae.

171 2727 244 2759 105.
276 2727 479 2759 Penetrale
509 2727 699 2768 eleganter
724 2726 853 2758 dicitur

3 2770 14 2776 ¹*
83 2792 86 2793 ⁷
127 2782 245 2814 cubile
273 2783 378 2825 illud,
408 2783 446 2826 in
483 2790 552 2823 quo
594 2783 703 2822 poeta
741 2788 854 2822 opera

907 1137 974 1161 sua
995 1128 1209 1161 lucubrarat
1238 1132 1276 1161 et
1308 1128 1422 1161 libros
1452 1137 1539 1160 suos
1569 1130 1635 1160 ha-

909 1184 1026 1216 bebat.
1049 1184 1154 1216 Barb.
1177 1186 1216 1216 et
1237 1192 1327 1216 unus
1349 1185 1434 1216 Vat.
1457 1185 1634 1216 vestrum.

953 1261 1027 1293 106.
1050 1260 1205 1293 Scrinia
1219 1269 1351 1294 curra.
1374 1262 1508 1303 Pa1.1.,
1523 1262 1636 1303 Busl.‚

908 1317 1036 1358 Bern.,
1067 1318 1181 1359 Reg.,
1210 1317 1306 1349 Gall.
1314 1338 1328 1359 ,
1357 1317 1522 1359 Pii-cim„
1546 1313 1637 1349 unus

908 1372 1009 1414 Vae,
1034 1372 1165 1414 Crev.,
1188 1373 1296 1405 Goth.
1305 1394 1318 1414 ,
1349 1374 1478 1404 Dresd.
1510 1382 1578 1413 pro
1601 1383 1636 1404 v.

908 1436 980 1459 scr.
1001 1435 1139 1467 parva.
1185 1430 1247 1461 Fr.
1263 1429 1368 1468 Rev„
1392 1429 1485 1469 Put„
1502 1427 1638 1468 Guelf„

909 1484 993 1515 vat.
1019 1484 1048 1515 1.
1072 1486 1110 1515 et
1139 1483 1268 1523 reliqui
1299 1483 1434 1514 Heinsii
1464 1485 1501 1513 et
1522 1482 1639 1513 nostri

910 1539 946 1568 et
970 1539 1059 1569 vett.
1083 1539 1162 1569 edd.
1186 1545 1318 1568 curva.
1366 1539 1526 1577 Utraque
1541 1536 1639 1568 scri-

910 1597 1018 1634 ptura
1062 1594 1107 1624 ad
1150 1601 1294 1624 sensum
1331 1596 1445 1624 rect-a.
1511 1591 1640 1623 Curva

910 1648 1061 1690 scrinia,
1091 1649 1131 1679 ut
1153 1647 1375 1679 voluminum
1397 1648 1550 1679 formam
1572 1647 1639 1678 ha-

911 1703 1043 1735 bentia.
1087 1703 1180 1735 Nam
1202 1701 1349 1733 scrinia
1364 1711 1436 1734 non
1451 1702 1568 1734 solum
1584 1701 1639 1733 di-

912 1760 1043 1790 cuntur
1075 1757 1243 1799 tabulae,
1274 1758 1399 1798 quibus
1420 1757 1504 1789 libri
1526 1764 1639 1796 repo-

910 1813 1106 1854 nebantur,
1127 1813 1192 1844 sed
1215 1813 1322 1845 etiam
1352 1820 1486 1854 capsae
1516 1817 1553 1845 et
1576 1820 1639 1844 ar-

912 1869 1018 1901 culae
1054 1867 1279 1908 singulorum
1315 1856 1504 1900 librorum.
1558 1868 1640 1900 vid.

911 1924 1035 1956 Schol.
1063 1924 1201 1955 Acron.
1231 1923 1277 1953 ad
1308 1923 1396 1955 Hor.
1430 1926 1508 1956 Sat.
1542 1926 1575 1966 1,
1605 1924 1641 1965 1,

914 1980 987 2012 120.
1040 1978 1192 2011 Sallust.
1243 1978 1331 2009 Bell.
1384 1979 1463 2011 Cat.
1510 1989 1542 2012 c.
1587 1981 1640 2012 47.

911 2036 1096 2068 Flaccum
1116 2032 1337 2073 praetorem
1355 2033 1537 2067 scrinium
1558 2043 1642 2067 cnm

912 2089 1056 2131 literis,
1086 2096 1182 2130 quas
1211 2097 1237 2120 a
1265 2089 1399 2130 leqatis
1427 2090 1643 2130 acceperat,

913 2144 1057 2187 afferre
1077 2142 1198 2175 iussit.
1243 2145 1333 2176 Plin.
1356 2146 1400 2178 N.
1424 2147 1466 2177 Η.
1490 2142 1585 2178 XVI.
1610 2155 1641 2178 c.

913 2201 967 2233 43.
995 2201 1076 2232 VII.
1111 2208 1142 2231 c.
1174 2200 1229 2231 29.
1282 2201 1358 2233 Nos
1392 2209 1471 2231 cum
1506 2200 1644 2232 maiore

915 2259 1020 2297 part-e
1035 2257 1125 2287 vett.
1141 2255 1318 2287 librorum
1338 2256 1496 2286 dedimus
1510 2261 1642 2284 curva.

916 2310 1193 2350 Intelligendum
1222 2314 1358 2343 autem:
1398 2310 1490 2342 Cum
1520 2309 1643 2341 conti-

913 2363 1015 2405 9eris
1038 2363 1142 2394 tuam
1173 2364 1321 2395 domum
1350 2367 1441 2402 (non
1463 2367 1526 2396 tua
1548 2365 1643 2396 scri-

916 2419 1018 2460 nia),
1040 2420 1104 2449 sed
1128 2427 1219 2458 quae
1242 2419 1291 2450 ibi
1313 2421 1447 2452 scrinia
1468 2420 1643 2451 librorum

916 2477 1023 2518 sunt,
1053 2476 1092 2506 ut
1121 2477 1223 2514 patet
1252 2482 1273 2505 e
1302 2485 1336 2506 v.
1362 2475 1436 2506 107.
1459 2474 1646 2515 adspicies

916 2528 1023 2561 illic
1046 2533 1117 2562 etc.
1142 2532 1179 2560 et
1201 2539 1236 2561 v.
1262 2529 1322 2561 111
1347 2532 1384 2562 et
1408 2530 1481 2561 112.

964 2612 1038 2644 107.
1067 2611 1253 2650 Fratres,
1291 2614 1375 2651 sunt
1405 2611 1555 2652 reliqui,
1588 2612 1645 2651 qui

921 2671 992 2699 tum
1015 2667 1100 2698 editi
1124 2668 1243 2706 erant,
1266 2665 1420 2697 Nasonis
1435 2665 1519 2697 libri
1536 2673 1646 2705 prae-

921 2727 978 2755 ter
1001 2724 1126 2754 Artem
1157 2725 1193 2753 et
1230 2721 1571 2760 Metamorphosesin
1602 2729 1645 2751 ο-

922 2786 1002 2821 pus,
1017 2779 1060 2809 de
1070 2777 1363 2818 quibusseorsum
1371 2775 1542 2816 loquitur.
1555 2775 1645 2805 Sunt
