1846 3146
211 211 312 262 2⁷8
381 245 386 249 »

461 210 518 260 Ρ.
554 210 778 262 0V1D11
811 208 1128 262 NASONIS
1162 210 1504 263 TRISTIUM

613 424 958 473 nmium
999 425 1153 475 vn.
1184 408 1348 483 (vl.)

260 535 433 571 Amicum
455 537 633 581 veterem,
654 539 877 573 collaudata
900 538 979 586 eius»-
996 537 1073 582 fide
1095 548 1142 573 ac
1161 537 1368 582 probitate,
1390 538 1527 579 monet,
1555 539 1599 572 ut
1621 545 1744 572 omnes

303 592 408 626 vires
429 592 617 636 adhibeat,
641 596 684 628 ut
705 595 897 638 Anqustus
917 596 1106 637 placetur,
1123 593 1305 637 siquidem
1322 604 1398 628 non
1419 593 1576 628 consilio
1595 602 1641 627 ac
1661 602 1744 627 ma-

303 649 410 691 litia,
444 650 513 683 sed
546 658 684 684 errore
715 659 763 684 ac
796 649 965 684 stultitia
996 650 1211 693 deliquerit,
1235 650 1503 693 Principisque
1528 647 1631 682 iram
1652 657 1745 682 con-

306 704 451 738 citarit.

211 830 416 881 Foedus
450 834 691 883 amicitiae
725 849 823 883 non
856 836 954 895 νίς,
990 835 1254 894 carissime,
1294 837 1507 895 nostrae,

282 915 410 976 Nee,
446 919 491 965 si
523 916 655 965 forte
689 916 839 978 veliS‚
876 917 1185 966 dissimulare
1217 921 1374 983 potes.

215 998 392 1048 Donec
427 1001 553 1048 enim
586 999 742 1060 licuit,
780 1016 874 1050 nee
908 1006 957 1050 te
991 1000 1106 1048 mihi
1142 994 1303 1049 carior
1341 1000 1482 1060 alter,

279 1081 395 1130 Nee
430 1083 519 1131 tibi
552 1098 628 1132 me
663 1087 766 1132 tota
799 1085 1011 1132 iunctior
1043 1083 1179 1137 Urbe
1212 1083 1332 1144 fuit3

215 1163 364 1229 Isque
399 1170 504 1217 erat
535 1181 694 1231 usque
727 1164 853 1214 adeo
886 1166 1071 1232 populo
1106 1163 1327 1227 testatus,
1363 1170 1415 1215 ut
1449 1170 1583 1215 esset
1715 1166 1748 1215 5

282 1247 451 1296 Paene
485 1250 640 1313 magis
677 1265 816 1313 quam
850 1253 917 1309 tu,
954 1263 1188 1314 quamque
1231 1263 1343 1313 ego,
1377 1252 1522 1297 notus
1558 1264 1715 1310 amor3

217 1328 409 1395 Quique
443 1336 521 1379 est
552 1333 604 1379 in
640 1334 768 1381 caris
802 1334 946 1381 animi
979 1332 1068 1381 tibi
1103 1329 1300 1381 candor*
1321 1333 1505 1392 amici&

282 1410 527 1478 Cognitus
563 1419 640 1464 est
671 1415 764 1477 illi,
803 1431 942 1482 quem
977 1414 1102 1465 eolis
1137 1416 1262 1481 ipse,
1297 1416 1423 1464 viro.

213 1562 295 1595 bus
318 1571 433 1606 equus
454 1562 628 1606 Luciferi
650 1566 708 1597 est
730 1565 839 1600 etiam
862 1569 951 1601 Met.

215 1613 299 1662 XV}
331 1620 406 1652 189.
413 1642 428 1662 ,
460 1621 555 1662 quod
587 1622 644 1653 est
668 1620 831 1663 fulyens.
889 1625 952 1657 Sio

214 1674 373 1708 Aurora
384 1675 550 1709 candida
561 1681 619 1709 est
630 1677 728 1709 alibi.
773 1676 951 1712 Admisso

213 1741 283 1773 pro
306 1732 477 1774 impulso,
499 1731 670 1774 incitato,
701 1734 833 1767 crebro
857 1738 951 1777 apud

213 1788 396 1821 Nasonem
420 1787 617 1828 reperitur.
661 1788 747 1819 fler.
767 1790 800 1830 Ι,
815 1790 884 1832 36.,
897 1792 952 1823 A-

214 1848 305 1873 mor.
329 1842 398 1882 111,
420 1842 457 1883 2,
481 1842 549 1884 ¹78„
573 1844 607 1883 1,
630 1842 666 1884 8,
690 1844 759 1885 50„
783 1845 816 1886 1,
831 1845 868 1888 9,
882 1846 952 1888 26„

214 1896 248 1937 1,
273 1895 330 1937 15,
353 1897 423 1938 50„
447 1898 527 1933 Ant.
551 1898 596 1930 A.
621 1899 671 1939 11,
683 1898 759 1930 435.
803 1900 859 1932 De
870 1900 951 1933 Lu-

213 1949 336 1992 cifero
366 1950 439 1983 vid.
468 1952 515 1983 ad
538 1953 572 1994 1,
602 1952 639 1994 3,
670 1953 724 1984 72.
757 1971 802 1977 -—
825 1957 949 1990 Amor.

215 2007 266 2049 11,
291 2006 347 2048 11,
372 2006 424 2039 15.

278 2068 364 2098 Haec
381 2069 454 2097 mihi
471 2078 561 2106 quam
577 2071 706 2107 primum
725 2073 811 2101 coelo
823 2073 949 2102 nitidis-

614 2117 708 2146 simus
726 2118 789 2146 alto

329 2156 452 2187 Lucifer
477 2159 610 2189 admisso
634 2163 770 2197 tempora
794 2164 896 2198 portet
913 2168 947 2190 e-

612 2213 682 2241 quo.

442 2336 623 2370 ELEGIA
645 2337 727 2369 Vn.

259 2397 290 2429 1.
325 2394 412 2429 Non
434 2395 504 2428 vis.
547 2397 610 2430 Sic
631 2399 722 2430 vett.
734 2397 861 2430 edd.et
874 2396 950 2430 cir-

213 2459 259 2482 ca
281 2452 347 2484 XX
370 2453 475 2484 codd.
499 2453 654 2495 Heinsii,
674 2461 766 2494 quae
787 2454 949 2494 scriptu-

212 2513 256 2536 ra
279 2506 387 2538 etiam
410 2509 647 2541 confirmatur
676 2508 844 2541 variante
878 2516 948 2539 no-

213 2559 270 2591 bis
294 2560 512 2604 carissima,
551 2571 656 2604 quam
679 2564 851 2596 exhibent
872 2565 948 2596 Pal.

214 2613 260 2656 1.,
284 2616 378 2659 Put.,
401 2618 559 2661 Bersm.,
581 2618 741 2661 Pirckh.,
765 2620 845 2652 Bel.
870 2620 949 2660 (qui

215 2671 335 2703 tamen
364 2681 433 2712 pro
463 2683 498 2706 v.
520 2682 592 2707 scr.
615 2682 691 2706 non
712 2673 808 2716 vis),
840 2674 948 2708 Crev.

213 2728 252 2758 et
274 2727 330 2759 VI
352 2728 474 2760 Heius.
491 2745 533 2751 —
548 2730 696 2772 Franc„
714 2731 814 2772 seg„
826 2732 948 2771 Rem,

214 2782 337 2814 Guelf.
365 2786 404 2815 et
431 2786 599 2818 nonnulli
634 2787 755 2818 Heius.
783 2793 852 2817 nec
879 2783 947 2823 vis.

214 2838 286 2869 Sed
311 2846 416 2878 quum
438 2840 591 2882 vulgata
614 2843 651 2873 et
669 2841 858 2873 maximam
882 2841 948 2872 ha-

217 2893 302 2925 beat
330 2894 435 2927 fidem
466 2899 632 2928 veterum
663 2895 747 2928 libb.
756 2917 770 2937 ,
801 2898 837 2929 et
860 2903 946 2928 sen-

1019 1567 1135 1601 tentia
1164 1567 1330 1609 constet,
1367 1567 1405 1599 et
1431 1564 1478 1609 {in
1507 1564 1658 1599 disticho
1686 1568 1768 1599 sed

1018 1623 1141 1665 quenti
1162 1630 1358 1656 nec-nec
1379 1623 1566 1664 sequatur,
1591 1622 1675 1655 mihi
1696 1623 1749 1655 nil

1017 1679 1225 1712 mutandum
1248 1677 1404 1710 videtur.

1061 1754 1094 1787 2.
1118 1752 1212 1794 Nec,
1230 1753 1274 1787 si.
1318 1754 1464 1787 Pirckh.
1479 1755 1517 1786 et
1527 1755 1663 1787 ner-sm.
1675 1763 1750 1788 non

1018 1809 1063 1842 εἰ.
1107 1810 1155 1843 V.
1178 1811 1210 1842 8.
1243 1811 1339 1843 Mor.
1361 1809 1491 1842 notior
1513 1809 1626 1842 alter.

1061 1891 1094 1922 5.
1130 1887 1291 1929 Populo.
1335 1888 1400 1920 Ed.
1424 1895 1479 1928 pr.
1498 1885 1663 1927 populis.

1066 1944 1254 1976 Testatus.
1305 1944 1393 1976 Met.
1424 1943 1490 1984 IX,
1513 1942 1589 1975 27⁷.
1614 1943 1659 1975 de
1680 1943 1748 1977 Al-

1018 2007 1159 2041 cmena,
1181 2001 1299 2032 matre
1321 1998 1509 2030 Herculis:

1081 2086 1394 2095 ——————
1417 2070 1518 2106 longis
1541 2070 1632 2100 anxia
1655 2071 1748 2106 curis,

1083 2118 1138 2147 Cui
1163 2117 1280 2146 referat
1301 2116 1366 2145 nati
1396 2118 1526 2145 testatos
1556 2115 1630 2144 orbe
1660 2115 1748 2143 laho-

1414 2167 1474 2188 res.

1062 2233 1094 2265 7.
1120 2228 1260 2271 Quique
1281 2228 1347 2261 est.
1391 2229 1467 2261 Pal.
1481 2228 1528 2271 1.,
1539 2229 1749 2271 exc.Voss.,

1016 2287 1134 2329 Busl.,
1162 2288 1296 2319 Bersm.
1327 2283 1463 2327 quique
1491 2284 1588 2316 erat.
1646 2285 1748 2318 Leid.

1016 2339 1079 2383 qui
1100 2333 1187 2383 fuii.
1236 2341 1358 2373 Berol.
1383 2339 1549 2383 quisquis
1577 2348 1626 2373 es.
1670 2341 1747 2373 Re-

1015 2395 1151 2428 vocavi
1181 2403 1260 2427 cum
1287 2396 1437 2437 reliquis
1466 2397 1571 2429 codd.
1594 2397 1632 2429 et
1658 2396 1747 2428 vett.

1016 2452 1095 2483 edd.
1112 2451 1283 2483 omnibus
1314 2450 1449 2493 quique
1480 2451 1556 2491 est;
1588 2450 1675 2483 dicit
1703 2456 1746 2481 e-

1015 2507 1087 2539 nim
1110 2508 1156 2539 de
1178 2506 1286 2539 amici
1305 2507 1466 2539 candore
1484 2506 1592 2539 animi
1604 2505 1744 2547 infimi-

1016 2571 1080 2596 cos
1102 2563 1138 2596 in
1162 2563 1384 2604 universum,
1407 2563 1468 2604 qui
1489 2563 1605 2595 adhuc
1627 2563 1746 2596 durat.

1017 2617 1068 2650 In
1090 2616 1381 2649 caris-amicis
1405 2617 1508 2659 dixit,
1526 2617 1587 2649 ubi
1601 2616 1654 2648 nil
1677 2617 1746 2649 ob-

990 2665 1136 2705 *stante
1178 2680 1288 2704 versu
1327 2681 1372 2705 ac
1407 2672 1565 2704 numeris
1597 2671 1745 2712 vulgari
1783 2668 1821 2724 ‘f

1015 2728 1126 2769 poeta
1146 2728 1247 2768 loqui
1269 2728 1374 2759 modo
1389 2727 1550 2767 poterat:
1571 2724 1612 2757 in
1631 2733 1746 2758 caros

1014 2781 1225 2823 -amicos‚
1254 2783 1319 2814 sed
1345 2781 1519 2822 praetulit
1541 2781 1744 2815 orationem

1014 2838 1298 2871 insolentiorem.
1350 2837 1431 2870 vid.
1462 2839 1536 2870 not.
1565 2838 1610 2870 ad
1634 2838 1684 2880 V,
1706 2838 1744 2879 2,

1015 2895 1068 2927 26.
1091 2910 1132 2916 --
1157 2893 1236 2926 Bel.
1259 2902 1282 2926 a
1306 2893 1335 2926 1.
1361 2902 1404 2925 m.
1429 2891 1544 2926 raris.
