1846 3146
194 205 293 256 522

438 205 495 255 Ρ.
531 204 755 256 OVIDH
787 204 1103 258 NASONIS
1137 205 1478 260 TRISTIUM

192 326 434 376 Detrahat
466 331 656 378 auctori
689 328 886 379 multum
919 329 1132 390 fortuna,
1165 329 1364 392 licebit3

260 410 340 459 Tu
375 415 534 460 tamen
566 414 766 478 ingenio
801 412 935 463 clara
968 413 1132 462 ferere
1164 428 1299 463 meoz

193 493 416 558 Dumque
450 494 606 559 legar,
641 498 825 562 pariter
857 512 1041 546 mecum
1073 501 1157 545 tua
1189 496 1317 546 fama
1350 497 1559 562 legetur,
1684 499 1718 549 5

258 577 372 626 Nec
405 583 548 643 potes
580 580 631 626 in
665 584 878 629 moestos
913 582 1064 629 omnis
1095 579 1234 629 ‘abire
1266 595 1431 645 rogos.

193 656 412 725 Cumque
444 663 543 710 viri
579 678 696 711 casu
729 665 891 730 possis
924 662 1198 712 miseranda
1231 662 1410 725 videri,

256 743 491 793 Invenies
523 745 728 811 aliquas,
765 761 903 810 quae,
941 745 1072 810 quod
1106 761 1185 806 eS‚
1221 762 1333 796 esse
1367 747 1550 810 velint3

190 825 328 886 Quae
362 832 427 889 te,
464 834 739 877 nostrorum
774 844 881 878 cum
913 830 983 877 sis
1015 831 1065 877 in
1097 834 1238 895 parte
1270 830 1517 892 malorum,

255 909 479 961 Felicem
516 910 682 961 dicant
713 911 1062 977 invideantque
1094 911 1196 961 tibi.
1650 914 1716 964 10

187 1058 428 1102 intelligenda
449 1061 578 1094 laudes
601 1062 743 1106 uxoris,
770 1070 863 1104 quae
884 1063 922 1096 in
988 1065 1084 1095 ctum
1107 1063 1164 1096 est
1191 1070 1304 1096 versu
1332 1063 1584 1107 praecedent13
1619 1066 1715 1106 qnod

188 1116 243 1149 lits
274 1116 493 1150 carminibus
523 1118 767 1151 continentur.
829 1119 922 1150 sunt
987 1118 1171 1159 copiosius
1194 1120 1231 1151 et
1253 1120 1456 1161 elegantius
1486 1121 1552 1152 est.
1606 1119 1714 1152 Goth.

186 1175 307 1205 antem
329 1174 376 1204 ad
399 1180 478 1205 eam
492 1173 634 1215 elegiae
649 1173 814 1215 quinque.
840 1175 919 1207 Vid.

185 1227 331 1268 Proleg.
355 1237 388 1267 p.
414 1230 466 1261 16.
491 1229 580 1271 Reg.
605 1228 706 1261 mihi.

230 1305 262 1337 2.
301 1304 331 1337 0
353 1302 443 1337 mihi
464 1314 523 1338 me
545 1305 690 1339 carior.
722 1308 830 1341 Trist.
848 1310 918 1351 m,

186 1361 223 1404 3,
246 1361 315 1403 15.,
339 1364 485 1395 Metam.
507 1363 616 1405 VIII,
638 1363 714 1395 4⁰5.

230 1438 261 1469 3.
285 1438 453 1471 Multum
474 1449 525 1473 sc.
544 1441 677 1482 ingenii
699 1443 737 1473 et
760 1442 807 1474 ad
830 1450 916 1474 car-

184 1492 281 1525 mina
303 1494 451 1536 vigoris.
504 1494 609 1528 conf.
639 1497 691 1538 V,
723 1495 780 1538 12,
804 1497 856 1528 32.
880 1498 918 1529 et

187 1550 221 1591 1,
245 1550 280 1591 6,
295 1550 357 1582 -32,
403 1551 502 1583 Unus
523 1550 619 1583 Gall.
642 1549 804 1582 nimium.
849 1549 918 1583 In*-

175 1604 291 1644 ‘cebit,
323 1606 384 1637 ubi
407 1614 454 1638 ex
476 1605 624 1646 vulgari
654 1605 824 1638 oratione
848 1615 919 1647 po-

184 1664 355 1693 neretur*
374 1659 486 1701 licet,
520 1661 614 1701 apud
644 1661 774 1702 poetas
807 1670 919 1704 saepe

182 1717 331 1758 legitur.
387 1716 470 1750 Vid.
494 1717 581 1748 Hor.
605 1717 681 1749 Sat.
709 1719 766 1761 ΙΙ,
789 1719 826 1760 2,
849 1719 918 1761 59.,

186 1772 300 1814 Epod.
323 1774 406 1814 XV,
432 1772 484 1804 19.
529 1774 618 1805 Met.
642 1773 744 1816 xlv,
768 1774 844 1806 355.

250 1846 315 1875 Non
340 1850 440 1874 tamen
464 1847 602 1883 effugies,
620 1849 712 1876 vento
738 1848 859 1883 rapiare
876 1847 918 1876 li-

582 1891 673 1920 cebit.

227 1962 259 1994 4.
293 1961 447 1994 Ferere.
501 1961 659 2003 Ferere,
673 1963 827 1996 omnium
850 1971 917 1996 ore

185 2018 435 2050 celebrabere.
481 2017 585 2049 Gonf.
610 2019 642 2060 Ι,
667 2018 702 2060 1,
725 2020 778 2051 36.
786 2040 800 2060 ,
830 2020 917 2050 Met.

181 2073 267 2114 VII,
291 2072 360 2115 61„
382 2074 503 2114 VIII,
526 2072 626 2114 486„
650 2074 725 2106 Cic.
749 2075 793 2105 de
816 2074 917 2106 orat.

183 2130 245 2160 111.
270 2136 300 2159 c.
323 2129 378 2160 56.
426 2128 532 2160 Goth.
551 2127 633 2161 mei.
679 2130 758 2160 Iun.
774 2129 836 2160 vel
854 2129 916 2159 ta—

182 2182 434 2231 menlinyenio
457 2183 591 2216 multa.

227 2265 258 2294 5.
298 2261 380 2293 Tua
407 2260 529 2303 fama.
588 2263 685 2294 Mor.
710 2261 778 2294 tua
804 2260 917 2303 facta

183 2318 367 2359 leyentur.
411 2317 496 2349 Vid.
518 2318 552 2358 Ι,
576 2317 612 2358 6,
636 2318 706 2359 36.,
729 2317 833 2348 Pont.
846 2317 916 2358 111,

183 2374 218 2416 1,
242 2375 295 2406 57.
321 2376 358 2405 et
382 2373 479 2405 conf.
497 2374 567 2415 IV,
584 2372 641 2414 10,
658 2373 733 2405 128.
746 2389 790 2394 —-
804 2374 916 2414 Mon,

181 2431 317 2462 Bersm.
332 2432 369 2461 et
389 2429 482 2460 alius
495 2436 639 2460 mecum
652 2427 817 2470 pariter.
839 2429 915 2460 Re-

180 2486 271 2526 liqui
311 2492 435 2517 omnes
464 2486 501 2516 et
531 2486 622 2517 vett.
651 2486 731 2516 edd.
757 2482 916 2525 pariter

181 2544 335 2573 mecum.

227 2621 258 2652 6.
291 2619 374 2651 Nec
392 2618 515 2659 potes.
560 2619 655 2660 Put.‚
680 2619 756 2650 Iun.
780 2620 817 2650 et
839 2619 914 2651 VII

182 2675 244 2708 alii
266 2677 387 2717 Heius.
411 2677 448 2707 et
471 2677 560 2707 vett.
585 2675 664 2705 edd.
688 2681 763 2705 non
792 2674 911 2714 potes.

182 2733 397 2772 Utrumque,
421 2730 516 2772 quod
541 2731 586 2761 ad
604 2731 837 2771 sententiam,
854 2731 912 2762 te-

182 2787 262 2819 neri
292 2789 425 2827 potest.
489 2786 577 2818 Non
605 2785 714 2827 potes
747 2786 828 2817 fere
857 2787 914 2817 est

182 2843 452 2876 concludentis:
473 2850 593 2883 quare
603 2850 676 2873 non
687 2842 806 2882 potes.
832 2841 913 2873 Nec

180 2899 288 2938 potes
310 2898 460 2938 exponit
482 2897 628 2930 uberius
658 2897 715 2938 id,
739 2898 833 2938 quod
857 2897 911 2929 di-

983 1175 1092 1215 potes
1120 1174 1289 1218 infestos.
1334 1177 1389 1208 De
1418 1176 1616 1218 sententia,
1645 1177 1713 1209 Ιιιιο

984 1230 1144 1271 pertinet
1166 1231 1269 1262 Pont.
1293 1231 1364 1272 111,
1387 1232 1424 1274 2,
1448 1230 1501 1263 31.

1051 1303 1186 1339 corpora
1217 1304 1365 1335 debentur
1398 1305 1524 1333 moestis
1547 1304 1716 1341 exsanguia

1100 1393 1257 1430 Effugiant
1274 1350 1539 1423 smctgusgzslien
1559 1393 1715 1429 honorque

1107 1443 1111 1452 ¹
1380 1445 1483 1474 rogos.

1030 1510 1063 1542 ¹7.
1098 1509 1205 1542 Goth.
1226 1507 1350 1551 possis
1372 1517 1476 1541 casu.
1521 1507 1605 1550 seg.
1619 1515 1714 1549 poe-

984 1573 1037 1597 ειε
1060 1573 1183 1597 casus.

1027 1644 1061 1676 8.
1092 1642 1264 1685 Aliquas,
1286 1649 1360 1674 non
1381 1648 1529 1683 paucas,

1028 1721 1060 1753 9.
1094 1719 1302 1753 Malorum.
1339 1716 1581 1760 serv.,valii
1591 1714 1714 1747 Heius.

985 1779 1023 1809 et
1043 1778 1132 1808 vett.
1157 1775 1235 1806 edd.
1250 1773 1434 1806 laborum.
1469 1771 1576 1806 Conf.
1589 1772 1641 1813 V,
1654 1770 1713 1812 12,

984 1832 1094 1864 31.-
1108 1831 1278 1865 ceterum
1299 1823 1578 1870 Ὁμοιοτέλευτα
1606 1827 1714 1859 vete-

982 1896 1045 1921 res
1067 1887 1200 1928 poetae
1229 1895 1303 1919 non
1331 1892 1476 1926 semper
1503 1882 1631 1916 sedulo
1653 1882 1714 1915 vl-

982 1944 1124 1986 tabant,
1146 1950 1262 1984 neque
1290 1942 1327 1974 in
1357 1941 1428 1973 fine
1450 1941 1602 1972 duorum
1623 1945 1714 1970 ver-

984 2008 1102 2040 suum,
1125 2006 1257 2040 neque,
1278 1998 1320 2029 ut
1340 1996 1374 2028 Ιι.
1394 1995 1435 2037 1.,
1448 1995 1576 2027 eodem
1594 2000 1713 2044 versu.

984 2054 1083 2086 Fast.
1107 2053 1176 2095 VI,
1199 2054 1275 2086 653.

1050 2127 1117 2155 Una
1141 2127 1346 2155 ministrarum
1367 2125 1459 2154 solita
1487 2126 1550 2158 est,
1577 2121 1711 2156 Cadmei,

1380 2173 1499 2198 tuarum

1099 2214 1198 2249 Saepo
1226 2215 1281 2243 sub
1310 2214 1466 2249 amplexus
1498 2211 1637 2248 coniugis
1666 2211 1714 2240 ire

1378 2258 1434 2286 tui.

981 2310 1080 2343 Fast.
1103 2310 1154 2350 11,
1176 2307 1254 2339 829.

1047 2383 1129 2411 Dant
1151 2380 1272 2410 veniam
1298 2379 1380 2409 facto
1402 2378 1524 2416 genitor
1543 2375 1714 2412 coniuxque

1381 2426 1498 2453 coacto.

983 2476 1070 2508 Met.
1095 2475 1144 2515 11,
1168 2474 1244 2507 398.

1050 2548 1175 2585 Colligit
1191 2550 1327 2577 amentes
1350 2548 1382 2574 et
1405 2545 1505 2574 adhuc
1521 2547 1638 2572 terrore
1655 2549 1711 2586 pa-

1376 2593 1494 2619 ventes.

982 2642 1071 2673 Met.
1094 2641 1199 2683 XIII,
1222 2640 1299 2672 3⁵79.

1045 2714 1078 2745 Si
1096 2714 1203 2743 Troiae
1221 2713 1294 2741 satis
1310 2711 1427 2748 aliquid
1446 2714 1564 2740 restare
1586 2710 1709 2746 putatia

980 2786 1055 2818 Sed
1078 2785 1270 2817 tenendum
1292 2783 1363 2823 est,
1391 2782 1428 2814 in
1455 2781 1509 2813 his
1537 2779 1711 2821 exemplis

981 2841 1141 2873 omnibus
1179 2841 1397 2879 postremam
1430 2844 1560 2870 versus
1589 2835 1711 2876 syua-
1777 2853 1779 2855 -
1821 2832 1826 2850 ³

981 2896 1061 2927 bam
1101 2895 1136 2927 in
1179 2887 1270 2927 thesi
1307 2901 1388 2926 esse
1421 2895 1458 2925 et
1493 2893 1711 2933 postremam

1824 2207 1846 2296 1

1831 2297 1846 2338 ἐ
