1846 3146
191 209 292 260 388

424 211 481 260 Ρ.
519 211 742 263 OVfflH
773 212 1090 266 NASONIS
1125 214 1470 269 TRISTIUM

192 330 346 382 Certe
380 347 493 398 ego,
529 337 572 383 si
607 336 829 397 sinereS‚¹
846 336 1036 386 titulum
1071 337 1160 388 tibi
1193 338 1407 389 reddere
1441 339 1643 403 vellem,

256 417 324 466 Et
356 433 513 467 raram
547 417 706 467 famae
741 403 1010 469 conciliare
1044 420 1203 469 fidem.

191 500 276 550 Ne
309 515 513 550 noceam
549 505 705 565 grato,
741 517 937 564 vereor,
973 504 1063 552 tibi
1094 505 1321 564 carmine,
1355 519 1486 555 neve
1523 528 1539 570 '.

1652 504 1720 555 15

256 584 635 650 Intempestivus
669 586 876 634 nominis
911 586 1074 636 obstet
1106 585 1278 635 honor.

191 665 337 726 Quod
371 666 491 715 ficet
526 672 575 715 et
608 671 760 715 tutum
794 672 885 729 est,
921 671 1047 718 intra
1080 674 1163 717 tua
1192 673 1397 734 pectora
1430 669 1610 734 gaude,

257 749 439 814 Meque
472 752 543 798 tui
576 765 832 799 memorem
867 756 1012 817 teque
1045 751 1201 800 fuisse
1232 755 1387 818 pium3

190 832 353 897 thue
386 833 528 894 faciS,
565 835 722 899 remis
743 832 811 884 ad
843 850 985 900 opem
1017 835 1206 884 luctare
1241 835 1518 897 ferendam,
1569 868 1573 869 ν

256 915 384 964 Dum
416 916 586 965 veniat
617 897 823 982 plaoida
851 917 1048 967 mollior
1081 933 1200 967 aura
1233 916 1355 980 deo3

189 1082 227 1115 te
261 1083 386 1116 tamen
420 1083 603 1126 aqnoscis.
656 1085 739 1119 Vid.
761 1088 798 1129 1,
822 1088 866 1130 ¹7,
888 1090 921 1120 5.

187 1137 337 1171 HfflNs.
382 1141 544 1182 Reposui
567 1141 723 1174 omnium
744 1142 922 1175 librorum

187 1195 406 1236 seripturam
442 1196 483 1228 tu
517 1197 653 1230 tamen.
719 1197 921 1240 obiectum,

188 1251 285 1291 quod
312 1252 450 1283 vocant
479 1252 584 1284 verbi
613 1251 787 1294 agnoscis
815 1261 920 1286 nemo

188 1307 290 1338 certe
320 1307 561 1349 desiderabit,
591 1309 686 1349 quod
717 1316 738 1340 e
762 1317 920 1350 praece-

187 1360 353 1392 dentibus
386 1362 497 1394 facile
530 1363 759 1406 intelligitur.
815 1365 920 1399 Conf-

187 1416 258 1458 IV,
281 1415 316 1457 4,
339 1416 371 1447 ⁵7.
412 1417 510 1458 „Tu
534 1418 657 1450 tamen
675 1419 859 1461 aquoso-is,
883 1422 921 1453 te

186 1470 272 1513 dici,
295 1470 387 1503 licet
406 1480 479 1504 non
502 1473 638 1505 diserte
661 1474 920 1516 appellarim.“

186 1527 264 1558 Iun.
289 1529 327 1559 et
347 1528 439 1560 VIII
462 1528 524 1560 alii
547 1529 669 1561 Heius.
695 1529 859 1573 ignoscis
882 1534 920 1565 et

186 1581 341 1622 quinque
368 1589 566 1624 agnoscas.
614 1584 722 1616 Goth.
755 1594 779 1619 a
811 1587 843 1619 1.
873 1596 918 1620 ιιι.

185 1644 356 1678 agnosce.
401 1638 482 1671 Rei.
513 1640 550 1671 et
584 1640 704 1672 Berol.
733 1639 919 1682 iynoscas.

186 1693 291 1726 Gall-
305 1693 464 1726 tractus.
510 1696 589 1726 Iun.
613 1695 760 1735 captus.

230 1767 282 1800 12.
316 1769 493 1812 Caperes.
536 1770 620 1803 Vid.
643 1772 690 1803 ad
713 1773 781 1813 111,
803 1772 840 1814 8,
864 1772 895 1805 1.

229 1844 282 1878 14.
318 1846 549 1889 Conciliat-e,
582 1852 845 1883 commendare.
871 1866 918 1874 ·—-

183 1902 280 1933 Mor.
304 1902 537 1936 conciliasse.
582 1906 671 1946 Reg.
695 1915 764 1946 pro
786 1916 822 1939 v.
844 1914 917 1938 scr.

181 1957 349 1997 ,qr-atam.
397 1959 494 1991 Busl.
515 1959 634 2001 fama.

230 2035 283 2067 15.
317 2035 440 2068 Grato
467 2037 500 2068 h.
525 2045 556 2068 e.
574 2047 644 2078 quo
668 2038 732 2070 tibi
753 2038 851 2078 grati
873 2045 917 2069 a-

182 2088 268 2121 nimi
289 2098 417 2123 sensus
441 2092 634 2124 declarem.
681 2093 787 2125 Goth.
810 2100 915 2124 caro.

230 2177 284 2210 13.
325 2178 470 2211 Honor.
520 2181 612 2214 ‘Duo
656 2182 746 2213 vett.
779 2180 916 2217 (etiam

184 2233 314 2266 Dresd.
338 2243 407 2275 pro
429 2245 464 2267 v.
488 2237 580 2272 ser.)
603 2236 732 2268 honos.
770 2234 917 2266 ΗΕιΝε.

185 2290 266 2322 Duo
291 2291 418 2328 (etiam
440 2291 538 2328 Bel.)
555 2289 848 2332 intempestivus,
872 2299 917 2322 u-

185 2353 254 2377 nus
277 2346 412 2388 eoestet,
437 2350 513 2378 tres
536 2354 658 2378 amor.
701 2347 838 2379 Bth.

229 2433 282 2464 17.
316 2432 371 2465 Et
401 2433 521 2465 tntum
550 2434 615 2466 est.
669 2436 779 2476 Bega,
823 2436 916 2481 Rut„

184 2489 627 2532 Mor.,1un.,Leid.,1V
651 2490 713 2522 alii
736 2489 855 2522 Heius.
879 2492 916 2522 et

184 2544 306 2576 Berol.
330 2544 399 2577 hoc
435 2545 554 2577 tutum
578 2544 644 2576 est.
696 2546 826 2581 Dresd.
847 2554 916 2587 pro

163 2598 221 2631 ‘v.
243 2608 315 2631 scr.
339 2600 378 2632 et
398 2598 499 2633 licet.

229 2686 280 2719 18.
310 2685 444 2719 Fuisse
464 2686 579 2728 pium.
624 2687 773 2720 Rectius
794 2688 915 2722 Comb.

184 2741 280 2780 (sive
314 2743 484 2785 Dresd.),
518 2743 662 2775 Pirckh.
686 2745 723 2775 et
745 2743 819 2775 Vn
854 2742 918 2774 alii

180 2796 300 2839 fuisse
327 2795 409 2828 mei.
463 2798 610 2830 Hiems.
671 2799 769 2831 Idem
793 2798 917 2839 Goth„

182 2854 247 2885 sed
277 2853 359 2885 huic
387 2854 472 2885 loco
496 2854 829 2894 parum'convenit.
862 2855 916 2887 A-

108 2951 112 2953 *
181 2910 234 2942 lia
257 2910 294 2941 et
315 2909 454 2942 maiora
472 2916 582 2949 supra
600 2910 645 2940 de
668 2902 785 2942 amico
805 2916 915 2950 prae-

1652 920 1720 971 20

946 1091 948 1093 “
988 1087 1139 1130 dicavit,
1163 1093 1268 1128 quam
1289 1083 1349 1118 suu·
1368 1092 1571 1118 memorem
1589 1084 1719 1129 fuisse.

986 1141 1254 1187 Revocavimus
1270 1140 1439 1183 optimam
1455 1141 1641 1183 vulgatam
1651 1141 1720 1184 fu-

986 1197 1060 1230 isse
1086 1197 1202 1240 pium.
1272 1196 1381 1238 Cupit
1410 1195 1537 1239 poem,
1566 1197 1720 1230 amicum

987 1254 1098 1286 tacite
1119 1254 1294 1299 gaudere,
1317 1252 1417 1293 quod
1439 1252 1518 1284 tam
1539 1251 1719 1285 amic-ein

986 1317 1026 1341 se
1055 1307 1195 1351 fecerit
1203 1330 1219 1349 ,
1270 1307 1378 1348 idque
1421 1307 1515 1340 bene
1548 1307 1719 1340 declara-

987 1366 1047 1396 tur
1073 1364 1196 1396 verbis
1221 1363 1256 1395 te
1275 1361 1394 1405 fuisse
1414 1360 1529 1403 pium.
1561 1378 1603 1385 —
1638 1362 1719 1396 Put.

983 1418 1102 1462 fuisse
1133 1417 1204 1460 tui,
1233 1420 1328 1460 quod
1364 1418 1556 1459 legendum
1594 1419 1720 1450 censet

985 1475 1153 1517 Merkel,
1187 1475 1225 1506 et
1259 1473 1525 1514 interpretatur
1562 1470 1719 1504 virtutis

986 1530 1084 1563 tuae.
1109 1530 1238 1562 Dresd.
1254 1538 1323 1570 pro
1341 1538 1377 1561 v.
1396 1536 1468 1560 scr.
1480 1527 1587 1560 etiam
1600 1525 1717 1568 pium.

1028 1629 1082 1660 20.
1122 1625 1267 1660 Veniat.
1312 1628 1390 1661 Pal.
1410 1626 1455 1669 1.,
1474 1627 1596 1669 Goth„
1611 1625 1718 1668 pauci

985 1684 1106 1716 Heius.
1130 1685 1168 1716 et
1189 1685 1278 1716 vett.
1301 1685 1381 1716 edd.
1405 1685 1555 1724 praeter
1577 1683 1715 1714 Bonon.

983 1737 1116 1770 veniet.
1160 1738 1298 1781 Pal.2.‚
1309 1737 1446 1779 Guelf„
1461 1736 1614 1780 Vat.'‚1.‚
1637 1738 1715 1771 Pol.

985 1793 1033 1835 1.,
1056 1792 1186 1826 Medic.
1209 1793 1240 1826 1.
1247 1815 1262 1835 ‚
1289 1794 1398 1826 Serv.
1423 1794 1462 1825 et
1489 1792 1631 1834 quidam
1654 1791 1718 1825 alit

985 1848 1072 1880 dum
1095 1848 1198 1880 venit
1218 1857 1255 1880 a.
1302 1851 1381 1881 lun.
1404 1847 1595 1880 adveniat.
1639 1849 1716 1881 Be-

983 1905 1072 1945 liqui
1095 1913 1234 1947 omnes,
1257 1905 1364 1937 etiam
1394 1906 1501 1936 Rern.
1532 1904 1570 1935 et
1599 1902 1717 1935 nostri

985 1960 1140 2002 quinque
1154 1959 1292 1993 veniat.
1335 1962 1533 1999 Utrumque
1546 1958 1580 1990 11.
1595 1957 1621 1990 1.
1644 1958 1717 1991 dici

986 2018 1107 2056 potest
1137 2018 1174 2048 et
1203 2014 1334 2047 veniat
1353 2017 1391 2046 et
1412 2012 1545 2046 veniet.
1589 2015 1716 2055 Itaque

983 2074 1130 2104 secutus
1158 2079 1236 2103 sum
1266 2070 1436 2102 maiorem
1459 2069 1715 2101 auctoritatem

986 2126 1160 2157 codicum.

1028 2194 1139 2234 Mor.5
1164 2193 1256 2233 Iun.,
1279 2191 1336 2223 VI
1348 2189 1410 2223 alii
1421 2189 1558 2231 Heius„
1570 2190 1714 2233 Dresd„

983 2247 1102 2278 Berol.
1117 2248 1152 2278 et
1165 2246 1271 2279 Crev.
1283 2244 1385 2276 moll.
1396 2242 1471 2276 ira.
1517 2245 1624 2279 crev.
1644 2255 1713 2287 pro

983 2310 1019 2332 v.
1042 2309 1114 2332 scr.
1138 2308 1246 2331 aura.
1290 2299 1402 2342 Busl.,
1425 2307 1504 2333 exc.
1526 2301 1651 2342 Voss„
1675 2299 1714 2333 et

983 2356 1019 2386 11
1041 2355 1103 2387 alii
1125 2355 1246 2387 Heius.
1263 2355 1366 2387 moll.
1389 2354 1498 2387 hora.
1543 2354 1713 2387 Heinsius

983 2413 1104 2443 notat:
1128 2413 1222 2453 „aut
1243 2410 1435 2452 legendum
1459 2409 1617 2442 mollior
1635 2408 1712 2451 ira,

984 2467 1046 2496 aut
1074 2465 1176 2497 moll.
1200 2474 1301 2498 aura
1323 2465 1425 2498 mari
1446 2466 1509 2499 vel
1538 2466 1638 2505 salo,
1672 2468 1713 2498 ut

983 2522 1155 2561 persistat
1184 2520 1222 2553 in
1250 2522 1368 2562 figura
1395 2523 1549 2562 coeptae
1572 2521 1713 2554 oratio-

983 2574 1080 2608 nis.“
1123 2577 1264 2617 Verum
1292 2584 1435 2609 sensum
1458 2577 1533 2609 loci
1554 2585 1633 2610 non>
1648 2584 1712 2611 sa—

986 2631 1029 2662 tis
1047 2631 1278 2672 perspexisse
1294 2631 1439 2663 videtur
1455 2631 1636 2672 Heinsius,
1651 2631 1715 2672 qui

985 2689 1058 2717 est:
1082 2673 1135 2727 et,
1166 2686 1210 2717 ut
1230 2685 1351 2732 sae-is,
1377 2686 1429 2718 ad
1455 2693 1559 2726 opem
1580 2684 1713 2727 feren-

984 2741 1072 2772 dam
1095 2740 1398 2781 remis(adhuc]
1416 2740 1618 2780 luctare,
1642 2740 1712 2772 do-

983 2803 1052 2827 nec
1074 2798 1131 2835 (a)
1152 2795 1306 2838 placido
1336 2796 1405 2828 deo
1436 2796 1523 2833 (deo
1545 2796 1713 2833 favente)

982 2851 1182 2884 mollior
1205 2859 1323 2883 aura
1347 2850 1505 2890 (quaudo
1531 2859 1626 2884 nunc
1647 2859 1711 2884 as-

983 2896 1074 2947 pera
1097 2908 1291 2948 tempestas
1314 2907 1403 2947 est),
1428 2904 1565 2938 veniat.
