1846 3146
194 138 298 229 458

437 179 494 259 P.
531 177 754 232 0V1D11
786 182 1104 240 NASONIS
1139 143 1480 242 TRISTIUM
1507 234 1515 240 ,

192 299 261 349 Et
291 305 450 367 potest,
486 302 765 370 adspiciens
800 308 981 357 circum
1013 314 1099 360 tua
1130 328 1271 362 sacra
1302 317 1492 379 poetas,

258 384 485 445 „Nescio
520 389 628 451 quis
661 391 869 451 nostri,“
904 390 1088 454 dicere,
1122 395 1317 456 „cultor
1349 395 1541 447 abest.“

191 465 309 528 Fer,
346 467 473 518 bone
490 468 660 531 Liber,
696 487 861 538 opemz
894 476 972 525 sic
1001 475 1146 526 altam
1165 475 1408 543 degravet
1420 480 1616 554 ulmum,¹
1649 482 1732 534 35.

257 549 406 611 Vitis,
442 556 492 600 et
524 553 718 604 incluso
750 556 898 622 plena
930 560 995 607 sit
1027 563 1126 609 uva
1156 575 1316 622 mel-03

187 630 280 682 Sic
313 633 403 683 tibi
439 650 545 686 cum
577 637 791 689 Bacchis
824 639 1110 708 Satyrorum
1145 658 1309 707 gnava
1342 646 1572 698 iuventus

251 715 419 778 Adsit,
456 723 507 767 et
538 723 746 772 attonito
778 740 876 773 non
907 730 1104 775 taceare
1137 741 1288 789 sono3

227 866 282 898 32.
315 866 522 901 Admonitu
538 870 688 904 matris.
734 873 916 908 Leidde-

178 921 335 955 monitu.
407 925 484 957 Pol.
513 925 543 957 1.
576 928 613 958 et
641 928 672 960 2.
701 929 914 962 admonitis.

179 976 279 1010 Vett.
303 980 383 1012 edd.
407 979 610 1013 admonitis
632 983 787 1023 nostris.
828 987 912 1028 Seg.

178 1032 294 1075 vatis,
317 1044 385 1076 pro
408 1045 445 1068 v.
467 1045 539 1069 scr.
561 1038 714 1081 matris,
738 1040 777 1072 in
798 1049 911 1083 marg.

177 1087 351 1122 Semeles.
375 1108 418 1114 -
440 1091 610 1127 Ceterum
627 1098 759 1136 argute
781 1096 911 1130 alludit

178 1145 382 1179 adBacchi
410 1149 562 1181 matrem
591 1151 629 1182 et
657 1151 811 1183 mortem
833 1151 911 1183 eius

174 1207 244 1239 per
267 1201 367 1233 Iovis
388 1203 540 1236 fulmina
563 1206 632 1247 (Π,
651 1206 761 1248 4010,
780 1207 817 1239 in
839 1208 912 1248 quo

174 1262 313 1296 genere
335 1265 447 1298 saepe
474 1259 566 1291 mira
593 1260 665 1292 sibi
685 1261 912 1296 indulserunt

175 1310 298 1342 Latini
330 1312 485 1355 poetae,
518 1314 830 1359 imprimistaso,
851 1318 909 1350 ni-

173 1364 226 1396 hil
254 1366 293 1397 in
321 1367 453 1400 talibus
481 1372 653 1410 spectans
686 1372 809 1415 aliud,
839 1374 910 1407 nisi

174 1422 216 1452 ut
250 1428 403 1456 acumen
433 1427 602 1458 ostendat
630 1428 668 1459 et
700 1427 908 1470 ingeniosus

173 1476 356 1511 videatur.

216 1555 272 1587 33.
311 1555 395 1591 Tua
416 1564 543 1591 sacra.
589 1559 671 1593 Duo
694 1560 782 1593 vat.
804 1568 884 1593 sua.

215 1632 271 1665 84.
304 1632 443 1666 Nescio
457 1651 499 1656 —
515 1635 638 1678 abest,
677 1639 799 1672 oratio
835 1639 903 1672 mi-

170 1688 287 1721 rantis
308 1695 354 1720 ac
377 1691 627 1726 desiderantis.

213 1765 267 1797 35.
301 1765 442 1800 Altam.
501 1769 578 1802 Pal.
610 1769 641 1803 1.
671 1770 762 1804 alto.
818 1771 900 1805 vat

168 1819 215 1861 1.,
239 1821 316 1858 Pal.
341 1823 395 1864 2.,
427 1824 523 1857 Gall.
531 1847 546 1868 ,
575 1825 743 1868 Pirckh.,
778 1825 901 1868 Crem,

167 1875 290 1907 Berol.
315 1880 353 1909 et
375 1879 455 1911 Rel.
476 1881 609 1923 altam,
626 1882 754 1923 „quod
776 1889 904 1914 verum

167 1928 269 1962 est.“
302 1931 450 1966 Hiems.
492 1936 636 1977 Reliqui
658 1931 712 1974 (ἓ)
738 1938 843 1969 codd.
866 1940 904 1971 et

166 1989 257 2020 vett.
281 1987 360 2020 edd.
384 1989 524 2030 altera,
555 1992 651 2031 quod
677 1992 776 2025 dedit
797 1995 901 2027 Mer-

164 2041 245 2085 kel,
257 2043 294 2075 in
308 2050 378 2084 qua
391 2044 578 2085 scriptura
596 2053 665 2087 ego
677 2054 803 2080 sanam
813 2057 901 2081 sen-

166 2098 315 2131 tentiam
334 2099 502 2139 reperire
519 2107 593 2133 non
608 2110 752 2142 possum
761 2113 773 2143 3
799 2106 900 2136 certe

164 2151 253 2185 loco
277 2153 495 2190 columellae
514 2156 559 2187 de
570 2153 625 2189 ne
636 2156 738 2189 Rust.
749 2157 794 2190 V.
808 2164 838 2189 c.
850 2161 899 2200 5.‚

167 2218 272 2250 quem
295 2210 438 2244 attulit:
461 2210 571 2244 circa
591 2221 750 2244 vernum
767 2211 900 2246 deinde

166 2264 446 2307 aequinoctium
476 2266 584 2299 binae
605 2267 711 2308 vites,
741 2275 813 2310 quo
835 2277 898 2301 ce-

164 2319 286 2353 lerius
308 2322 450 2354 ulmum
471 2322 648 2364 vestiant,
676 2324 809 2364 pedem
836 2323 898 2357 in-

165 2375 227 2406 ter
260 2384 301 2407 se
330 2374 515 2412 distantes
549 2378 748 2412 scrobibus
782 2380 898 2421 ‹lepo-

162 2431 319 2472 mendae,
343 2432 432 2465 nihil
454 2433 599 2467 luminis
623 2436 706 2468 huic
728 2436 815 2469 loco
838 2438 898 2469 ar-

162 2488 301 2520 fertur:
324 2477 444 2528 neque
465 2490 557 2522 haec
579 2491 696 2523 verba
720 2492 796 2532 „de
818 2497 898 2523 ma-¹

162 2541 371 2576 ritatione“
392 2545 606 2586 accipienda
623 2549 723 2589 sunt,
742 2549 782 2580 ut
794 2549 898 2581 Mer-

162 2597 228 2631 kel
256 2599 406 2640 accipit,
434 2601 500 2632 sed
524 2601 569 2632 de
590 2601 814 2634 fecunditate
838 2602 897 2635 vi-

163 2653 228 2686 tis:
252 2662 334 2686 nam
359 2654 540 2695 degravet
562 2658 619 2689 est
646 2658 809 2698 pondere
829 2666 896 2690 suo

164 2708 244 2743 sive
268 2718 422 2742 uvarum
443 2714 594 2751 premat.
639 2713 692 2755 11,
716 2712 792 2745 143.

227 2782 299 2813 Vidi
325 2791 382 2820 ego
407 2785 576 2821 pampineis
605 2790 761 2816 oneratam
784 2787 896 2816 vitibus

559 2831 680 2860 ulmum.

160 2868 250 2905 Hor.
273 2867 390 2909 Epod.
415 2867 464 2910 11,
488 2869 519 2902 9.

1047 873 1130 909 Ergo
1147 876 1199 902 aut
1215 875 1319 904 adulta
1335 876 1443 904 vitium
1459 877 1625 915 propagine

1047 916 1158 957 Altas
1176 919 1299 947 maritat
1315 920 1453 955 populos.

981 977 1059 1008 Iun.
1081 977 1275 1018 degravat.

1023 1031 1148 1073 Liber,
1171 1033 1303 1066 Bacchi
1315 1043 1532 1079 cognomen,
1546 1044 1570 1072 a
1585 1038 1706 1071 Grae-

979 1095 1024 1120 co
1054 1087 1194 1126 Λυαῖος
1223 1092 1306 1133 (Π,
1334 1092 1428 1130 401.)
1456 1093 1490 1124 h.
1514 1100 1546 1124 e.
1569 1089 1706 1134 λυσιμέ-

977 1153 1110 1186 ριμνος.
1150 1146 1279 1178 senec.
1300 1147 1345 1179 de
1363 1148 1495 1189 'rr-am.
1517 1155 1549 1180 c.
1568 1148 1620 1180 15.
1649 1147 1707 1180 E-

976 1199 1048 1231 luit
1070 1201 1262 1239 (ebrietas)
1292 1210 1408 1234 curas
1430 1218 1494 1245 —-,
1522 1202 1719 1252 Liberque*

975 1263 1050 1286 non
1089 1255 1133 1287 ob
1166 1255 1359 1290 licentiam
1392 1256 1543 1300 linquae
1568 1259 1704 1292 dictus

976 1311 1033 1342 est
1053 1309 1228 1342 inventor
1249 1311 1340 1354 vini,
1362 1314 1430 1347 sed
1451 1314 1541 1355 quia
1563 1314 1706 1348 liberat

975 1365 1133 1398 servitio
1163 1374 1349 1400 curarum
1378 1369 1545 1403 animum
1572 1373 1610 1404 et
1638 1380 1715 1417 1145-⁸

974 1421 1070 1454 serit
1091 1422 1310 1463 veqetatque
1338 1425 1377 1456 et
1399 1426 1642 1460 audaciorem
1662 1425 1703 1460 in

975 1478 1290 1518 om11e3,conatas
1317 1479 1429 1522 facit.
1463 1482 1585 1516 =Conf.
1614 1483 1714 1515 Met.

973 1532 1041 1574 Ν,
1065 1532 1116 1564 1⁷.
1138 1539 1237 1574 seqq.
1261 1535 1299 1566 et
1321 1536 1410 1568 nor.
1434 1537 1499 1571 od.
1523 1539 1574 1579 11,
1596 1526 1650 1570 19.

1016 1588 1071 1619 De
1095 1588 1160 1620 illo
1182 1587 1239 1620 sic
1260 1590 1331 1621 vid.
1354 1592 1401 1623 ad
1422 1593 1473 1635 Π,
1499 1592 1574 1624 159.

1015 1641 1185 1675 Ceterum
1213 1645 1284 1676 hoc
1316 1653 1427 1683 versu
1455 1656 1591 1681 novum
1614 1655 1701 1680 car-

970 1705 1051 1730 men
1072 1698 1197 1739 incipit
1215 1699 1337 1742 Goth„
1355 1702 1457 1735 Leid.
1477 1706 1515 1736 et
1531 1703 1700 1744 Belmld„

970 1752 1029 1792 qui
1051 1754 1178 1786 XLIV.
1200 1758 1376 1790 numerat.

1011 1818 1067 1850 37.
1104 1817 1239 1852 &aava
1273 1819 1458 1854 iuventus.
1512 1824 1571 1855 Ita
1585 1823 1699 1865 neg„

971 1873 1066 1906 Gall.
1074 1895 1089 1916 ,
1116 1875 1267 1918 Dresd„
1295 1877 1403 1919 seg„
1430 1877 1576 1919 Berol.‚
1603 1877 1701 1919 Bel„

971 1929 1095 1972 ctev„
1117 1931 1196 1964 Pol.
1220 1931 1251 1964 1.
1279 1936 1317 1965 et.
1337 1934 1370 1966 2.
1392 1950 1436 1957 -
1456 1935 1563 1967 Serv.
1585 1941 1699 1965 nava.

970 1985 1091 2018 Guelf.
1111 1994 1249 2027 yrava.
1304 1988 1394 2022 Exc.
1423 1989 1548 2032 Voss„
1575 1990 1613 2022 11
1632 1989 1699 2021 alii

967 2041 1090 2072 Heius.
1114 2044 1151 2074 et
1172 2043 1300 2076 Dresd.
1322 2052 1391 2084 pro
1414 2053 1449 2076 v.
1471 2052 1544 2076 scr.
1558 2052 1697 2085 quara.

968 2085 1074 2127 Goth.
1091 2105 1172 2137 ,pro
1208 2106 1242 2128 v.
1269 2106 1343 2130 scr.
1369 2099 1506 2140 ynataj
1537 2107 1560 2131 a
1589 2100 1620 2132 1.
1650 2108 1697 2132 m.

964 2148 1116 2191 ignara.
1161 2151 1237 2184 Pal.
1260 2152 1317 2195 1.,
1344 2154 1502 2197 nex-sm„
1530 2155 1605 2187 Vn
1633 2155 1697 2188 alii

965 2205 1111 2248 Heius„
1139 2207 1271 2239 Franc.
1297 2216 1368 2248 pro
1394 2218 1430 2242 v.
1458 2204 1575 2243 laeta.
1616 2210 1692 2243 Pal.

963 2261 1018 2302 2.‚
1047 2262 1170 2304 Laid„
1205 2263 1258 2294 111
1291 2263 1354 2295 alii
1385 2264 1509 2305 Heius.
1538 2267 1579 2298 et-
1605 2267 1695 2298 vett.

964 2317 1059 2359 edd.,
1071 2318 1177 2351 Goth.
1189 2328 1258 2360 pro
1270 2330 1305 2358 v.
1315 2329 1390 2353 scr.
1399 2322 1535 2362 grata..
1548 2321 1694 2354 Pirckh.

965 2375 1003 2405 et
1026 2375 1061 2405 11
1083 2374 1145 2410 alii
1174 2375 1295 2407 Heius.
1324 2375 1450 2417 yrat'a,
1501 2378 1633 2411 Franc.
1654 2379 1695 2409 et

963 2427 1058 2459 alius
1079 2430 1201 2462 Heins.
1225 2429 1374 2471 ignava.
1419 2432 1514 2464 Busl.
1533 2434 1570 2464 et
1588 2433 1625 2464 11
1647 2441 1692 2464 a-

962 2482 1004 2515 lii
1026 2484 1146 2516 Heius.
1169 2493 1308 2525 prona.
1363 2487 1400 2519 11
1422 2487 1544 2520 Heius.
1566 2495 1694 2520 sacra.

963 2539 1038 2571 Iun.
1063 2539 1174 2572 tecta.
1220 2543 1428 2583 Legendum
1450 2542 1560 2584 igitur
1576 2542 1695 2584 orata
1715 2550 1720 2558 ·

960 2595 1026 2626 'aut
1046 2602 1192 2636 quava:
1215 2597 1280 2629 sed
1302 2598 1488 2638 posterior
1508 2597 1695 2638 scriptura

963 2650 1157 2683 Nasoniani
1190 2650 1363 2686 acuminis
1399 2661 1444 2686 ac
1491 2653 1693 2686 venustatis

963 2705 1046 2750 mihi
1071 2706 1227 2743 videtur.
1420 2707 1428 2726 ⁸
1470 2725 1474 2732 ·
1542 2700 1545 2701 ’

1006 2759 1141 2799 Satyri
1170 2763 1247 2794 noti
1276 2763 1361 2795 sunt
1389 2764 1520 2797 Bacchi
1544 2764 1693 2797 comites

965 2821 1044 2845 cum
1077 2815 1202 2848 Sileno
1240 2817 1317 2848 elus
1346 2818 1539 2855 nutritore.
1599 2821 1694 2852 sunt

964 2871 1082 2902 autem
1095 2869 1221 2912 Satyri
1243 2873 1391 2905 semidei
1413 2874 1618 2918 silvoetres,
1629 2884 1692 2908 su—
