1846 3146
182 210 258 242 x11
736 189 1154 241 PRAEFATIO.

184 315 341 375 densi,
377 313 683 374 Buslidiano,
718 314 990 378 fragmento
1024 313 1189 373 Revii,
1225 309 1489 371 Serviano,
1523 309 1704 376 Regio,

181 398 455 457 Moretano,
491 396 859 456 Barberiniano,
904 397 1105 444 Iuniano
1140 399 1191 443 et
1223 393 1439 444 editione
1470 395 1704 461 principe.

182 479 318 529 Illud
352 480 602 546 exemplar
633 495 739 529 cum
769 478 1082 544 autographis
1100 478 1382 527 Heinsianis
1414 491 1504 543 per
1536 478 1706 527 vario-

183 581 286 612 rum
319 558 618 612 dominorum
651 564 967 615 succesiones
1001 560 1195 609 tandem
1230 559 1359 630 dono
1392 559 1558 610 Diezii
1589 574 1707 626 per-

182 648 320 696 venit
366 648 416 694 in
464 644 805 694 bibliothecam
850 646 1034 708 regiam
1077 642 1458 693 Berolinensem.
1536 642 1725 712 Itaque,

184 745 280 795 ego
296 765 319 790 ,.
359 731 465 796 ipsa
501 743 692 793 quoque
731 725 1032 793 autographa
1073 725 1367 787 Heinsiana,
1413 724 1543 775 unde
1578 725 1710 775 Bur·-

182 830 382 861 mannus
417 812 507 860 illa
541 828 629 860 sua
672 810 940 870 hausisset,
989 809 1057 858 ibi
1093 814 1290 858 exstare
1334 813 1479 874 atque
1518 809 1711 858 servari

185 912 327 960 quum
373 897 635 955 nescirem,
681 895 880 960 primum
923 891 1058 941 illius
1101 892 1442 951 Burmanniani
1496 890 1711 957 exempli
1785 915 1786 918 =
1832 880 1838 885 ⁵

182 980 432 1028 variantes
461 978 728 1042 diligenter
755 977 985 1041 excerpsi
1016 977 1173 1040 iisque
1193 975 1559 1024 commentarios
1575 988 1710 1023 meos

191 1060 411 1127 explevi.
490 1061 675 1110 Verum
727 1077 868 1125 quum
909 1058 1061 1107 allata
1104 1063 1154 1106 et
1211 1059 1455 1124 inspecta,
1511 1055 1575 1106 de
1618 1072 1712 1121 qua

185 1143 332 1192 modo
368 1143 548 1193 dictum
582 1126 689 1202 est,
711 1159 841 1192 nova
874 1141 1091 1191 editione
1108 1140 1358 1205 Merkelii,
1393 1139 1522 1190 hunc
1553 1141 1714 1189 virum

188 1228 321 1292 ipsas
373 1242 564 1291 quoque
611 1226 805 1275 Heinsii
847 1224 1082 1285 schedaS,
1132 1228 1266 1274 certe
1307 1228 1491 1289 partem
1534 1217 1712 1283 earum,

185 1325 310 1374 quae
345 1325 421 1358 me
454 1309 723 1369 latuerant,
760 1309 1043 1358 excussisse
1078 1313 1127 1356 et
1164 1309 1212 1354 in
1251 1306 1588 1358 commentario
1622 1321 1714 1355 suo

156 1413 158 1415 ’
185 1391 540 1441 describendas
576 1407 776 1441 curasse
810 1389 1183 1455 intelligerem?
1210 1391 1370 1439 statim
1410 1392 1560 1437 totum
1593 1404 1716 1455 opus

188 1477 456 1525 retractavi
491 1480 541 1523 et
575 1474 804 1539 quicquid
839 1473 954 1522 inde
973 1473 1094 1522 utile
1127 1489 1216 1539 per
1232 1471 1527 1522 Merkelium
1561 1488 1715 1538 appa-

185 1560 311 1606 ratui
361 1559 532 1607 critico
578 1563 885 1618 accesserat,
943 1573 1060 1606 cura
1102 1555 1318 1606 secunda
1365 1549 1718 1621 commentariis

185 1643 305 1689 meis
341 1642 548 1688 inserui:
595 1646 648 1688 ut
691 1643 787 1700 ista
830 1640 982 1690 editio
1029 1656 1156 1689 nunc
1190 1654 1355 1688 omnes
1388 1637 1524 1686 illius
1556 1637 1716 1689 Hein-

189 1724 656 1773 sio-Burmanniani
701 1729 961 1789 apparatus
1003 1725 1171 1788 copias
1211 1722 1384 1788 plenas
1418 1725 1468 1770 et
1500 1721 1718 1785 integras

187 1806 556 1872 complectatur.
623 1805 837 1854 Exstant
880 1811 1038 1854 autem
1084 1808 1135 1853 in
1180 1805 1282 1854 illis
1329 1802 1527 1854 schedis
1558 1804 1718 1852 Hein-

186 1891 338 1938 sianis
373 1890 573 1954 primum
619 1890 842 1952 integrae
886 1888 1208 1948 collationes,
1253 1887 1315 1937 ab
1358 1889 1466 1954 ipso
1494 1887 1720 1955 aflejnssi‘)

188 1974 438 2020 institutae
482 1970 715 2019 librorum
758 1971 1042 2019 duodecim:
1103 1971 1164 2032 1]
1201 1955 1721 2030 codicisss·Bus'lidiani‚‘

190 2058 250 2117 2)
286 2055 747 2113 Francofurtensis,
782 2052 842 2114 3)
881 2052 1093 2114 Gallici,
1129 2054 1189 2114 4)
1223 2052 1504 2119 Leidensi's3
1535 2053 1601 2114 5)
1632 2052 1720 2100 Iu-

189 2140 273 2198 nii,
310 2138 369 2200 6)
404 2137 666 2196 Moretani,
704 2137 763 2197 7)
799 2136 1061 2196 Politiaui,
1099 2138 1179 2200 qui
1213 2136 1369 2200 vulgo
1403 2127 1492 2184 'sub
1526 2137 1722 2184 nomine

189 2226 436 2285 excerpta
470 2220 727 2269 Potitium·
770 2221 972 2278 citatur,
1020 2234 1142 2283 quae
1175 2223 1309 2285 post..
1328 2219 1367 2267 1.·
1401 2217 1490 2269 En
1519 2214 1719 2266 Grono-

193 2306 324 2353 vium
358 2304 424 2352 N.
459 2303 694 2351 Heinsius
728 2303 777 2349 in
811 2294 1002 2350 itinere⁴
1030 2302 1206 2351 Italico
1243 2301 1418 2350 denuo>
1439 2299 1732 2365 descripsit,

191 2387 251 2448 9)
288 2388 451 2451 Regii,
486 2385 581 2446 10)
617 2385 875 2448 fragmenti
910 2385 1090 2445 Revii,
1122 2385 1215 2446 11)
1252 2383 1444 2444 Servii,
1478 2382 1573 2444 12)
1608 2381 1718 2431 edi—

189 2471 338 2518 tionis
383 2470 616 2535 principis
670 2469 780 2516 sive
838 2468 1099 2516 Romanae.
1186 2466 1448 2516 Accedunt
1498 2467 1720 2530 integrae

197 2552 515 2609 collatifflxes,
554 2567 673 2614 quas
708 2550 942 2598 Heinsius
976 2551 1035 2598 ab
1073 2550 1183 2598 aliis
1220 2551 1342 2599 viris
1379 2549 1538 2599 doctis
1571 2564 1719 2598 acce—

194 2641 344 2700 perat,
381 2635 590 2682 Palatini
627 2634 670 2682 1.
706 2639 755 2681 et
788 2637 849 2691 2„
886 2633 1318 2682 Pirckheimeriani
1351 2634 1460 2682 sive
1483 2631 1717 2682 Aruude-

192 2719 326 2777 liani,
362 2724 412 2766 et
446 2724 679 2782 excerpta
715 2717 778 2765 Is.
811 2717 981 2765 Vossii
1017 2733 1045 2764 e
1082 2716 1254 2765 codice
1288 2719 1470 2781 ignoto.

296 2799 404 2850 Sed
448 2800 648 2849 codIces
697 2815 876 2859 omnes,
924 2817 1120 2864 quorum
1169 2801 1336 2847 variae
1380 2799 1619 2848 lectiones
1666 2800 1716 2846 in
