1846 3146
172 169 271 218 354

414 169 469 217 Ρ.
508 169 730 219 0V1D11
765 168 1083 221 NASONIS
1117 169 1460 221 TRISTIUM

175 289 499 355 Candidaque
534 290 750 340 adducta
785 291 965 341 collum
999 307 1236 358 pereussa
1270 295 1434 342 securi
1679 295 1711 343 5

240 374 456 423 Victima
487 389 733 440 purpureo
769 377 1008 441 sanguine
1040 378 1188 442 tingit
1220 377 1445 437 humum3

174 526 284 560 crev.
306 524 503 556 velentur.-
527 523 659 565 reliqui
682 533 806 558 omnes
829 534 911 559 cum

172 583 262 614 vett.
287 581 366 612 edd.
388 579 588 620 velantur,
616 578 684 611 nisi
713 582 808 622 quod
831 581 908 614 Pol.

175 636 205 669 1.
236 642 273 668 ec
302 636 412 668 Voss.
442 636 656 668 vallantur.
701 637 748 669 v.
772 627 804 669 4'.
833 637 910 668 Pal.

176 693 206 725 1.
232 695 269 726 et
291 693 339 734 2.,
350 691 500 734 Erana,
519 692 640 725 Guelf.
664 701 686 725 a
710 693 740 724 1.
763 701 824 734 m.,
838 693 910 724 Be-

172 748 243 780 rol.
267 750 304 780 et
327 747 436 781 Crev.
461 748 731 780 coniunctivum
742 769 756 790 ,
780 747 912 789 reliqui

175 811 255 835 cum
285 805 375 835 vett.
406 803 487 834 edd.
518 802 762 835 indicativum.
806 803 854 835 V.
878 804 910 836 6.

173 859 251 891 Pal.
274 859 332 901 2.,
356 858 492 900 Guelf„
515 859 647 891 Franc.
671 868 740 900 pro
763 868 798 891 v.
821 867 910 901 sen,

173 913 259 946 Vnt.
276 914 322 957 1.,
339 914 448 947 Crev.
469 914 666 956 coniunct.,
678 913 810 954 reliqui
829 922 911 946 cum

173 970 263 1000 vett.
288 970 368 1000 edd.
392 969 499 1001 indic.
545 969 593 1001 V.
607 969 637 1001 8.
661 970 803 1012 Hamb.,
819 978 911 1002 unus

172 1024 254 1056 Ital.
279 1026 316 1057 et
344 1026 478 1057 Franc.
508 1032 576 1064 pro
601 1033 636 1056 v.
658 1032 732 1056 ser.
757 1024 911 1056 coniun-

173 1080 321 1112 ctivum.
354 1079 402 1112 V.
419 1079 472 1112 12.
497 1079 633 1122 Guelf„
645 1080 751 1122 Reg„
762 1081 912 1122 Franc„

173 1135 225 1166 IX
260 1134 324 1166 alii
357 1135 480 1166 Heius.
512 1136 549 1166 et
578 1134 737 1166 eiusdem
768 1136 823 1167 ed.
853 1144 910 1176 pr.

173 1188 466 1231 coniunctivum3
495 1189 628 1230 reliqui
657 1197 782 1222 omnes
804 1191 911 1224 indic.

172 1244 219 1278 V.
244 1244 296 1276 15.
321 1245 442 1277 Guelf.
465 1253 488 1277 a
511 1246 542 1278 1.
564 1254 632 1288 m.,
662 1246 739 1278 Pal.
762 1247 809 1288 2.,
832 1246 910 1279 Pol.

173 1299 220 1342 1.,
243 1299 329 1332 Vat.
353 1300 400 1342 1.,
424 1301 552 1343 Serv„
580 1302 618 1333 11
639 1301 703 1333 alii
725 1301 849 1333 Heius,
873 1303 912 1334 et

170 1356 304 1388 Franc.
337 1364 407 1396 pro
440 1366 476 1389 v.
509 1365 583 1389 scr.
619 1357 910 1399 coniunctivum3

172 1411 305 1452 reliqui
327 1419 451 1443 omnes
481 1410 589 1444 indic.
643 1413 809 1452 Apparet
838 1412 910 1453 igi·

173 1468 249 1508 tur,
273 1474 319 1497 ne
343 1474 449 1498 unum
481 1459 622 1507 quidem
644 1468 828 1498 vetustum
859 1467 909 1498 li-

174 1522 277 1553 brum
312 1530 358 1554 ex
389 1521 554 1553 omnibus
584 1521 622 1552 in
645 1521 719 1554 illis
742 1523 911 1555 versibus

173 1580 389 1609 constanter
415 1576 686 1610 coniunctivum
708 1566 821 1620 tueri,
842 1585 912 1610 nec

171 1632 211 1664 in
234 1642 305 1665 uno
325 1633 467 1674 quidem
480 1632 566 1665 loco
589 1641 670 1665 eum
687 1634 829 1665 modum
848 1634 912 1665 aut

173 1689 366 1721 meliorum
394 1691 458 1720 aut
486 1688 635 1721 maioris
657 1689 798 1721 numeri
820 1697 912 1722 con-

172 1752 282 1776 sensu
307 1743 526 1777 confirmari.
583 1747 711 1786 Itaque
740 1744 912 1777 indicati-

174 1808 258 1831 vum
282 1800 474 1842 revocavi,
501 1800 563 1841 qui
590 1797 740 1843 modusfl,
762 1801 793 1832 si
815 1801 912 1834 inter

170 1853 343 1896 fortasse
367 1864 446 1887 cum
468 1855 576 1887 indic.
595 1858 632 1888 et
655 1856 838 1888 coniunct.
861 1855 911 1887 il-

172 1910 235 1941 lud
260 1910 465 1952 discrimen,
490 1912 585 1951 quod
598 1912 711 1951 vulgo
729 1912 910 1953 statuunt,

173 1965 327 2006 obtinet,
351 1968 390 1997 ut
413 1966 517 2006 prior
542 1974 619 1998 rem
639 1967 774 1998 certius
793 1974 910 1998 enun-

172 2021 254 2062 tiet,
287 2020 393 2059 etiam
424 2021 627 2052 sententiae
658 2021 821 2053 bonitate
854 2023 910 2053 est

171 2077 447 2117 praeferendus.
479 2074 590 2118 'Quod
605 2078 725 2108 autem
739 2076 827 2107 Iahn
841 2084 908 2116 pro

172 2132 408 2164 coniunctivo
429 2131 565 2173 attulit,
580 2133 805 2173 respondere
828 2139 908 2163 eum

170 2188 225 2220 illi
252 2187 380 2227 potest
409 2194 522 2219 versu
545 2187 599 2228 2.,
629 2190 731 2221 errat
756 2188 815 2220 vir
838 2188 908 2220 do-

171 2244 371 2281 etissimus;
396 2251 502 2283 quum
525 2251 594 2283 pro
628 2243 693 2276 illo
723 2243 850 2283 potest
871 2243 907 2276 in

172 2299 227 2330 his
245 2299 410 2331 versibus
431 2298 478 2330 sit
497 2298 709 2330 adverbium
728 2298 909 2340 fortasse.

172 2355 358 2386 Fortasse
381 2356 503 2386 autem
516 2362 596 2385 cum
613 2354 720 2386 indic.
734 2355 790 2386 est
801 2353 910 2386 Trist-

174 2411 243 2451 111,
269 2411 304 2450 3,
328 2410 398 2451 26.,
422 2409 473 2450 V,
498 2408 555 2450 10,
580 2409 650 2450 40.,
669 2411 793 2441 Amor.
818 2410 851 2450 Ι,
873 2410 909 2451 6,

172 2465 250 2506 45.,
284 2466 353 2507 ΙΙΙ,
387 2465 423 2506 7,
456 2465 524 2506 36.,
554 2464 621 2506 ΙΙΙ,
647 2466 681 2507 6,
707 2464 797 2506 100.,
820 2465 909 2496 Her.

172 2522 222 2562 ΙΙ,
249 2520 338 2562 103.,
362 2521 437 2553 Tib.
462 2522 493 2561 Ι,
519 2520 575 2562 10,
601 2520 653 2553 14.
678 2521 731 2552 19.
755 2521 808 2552 57.

217 2578 300 2608 Mos
326 2577 390 2608 ille
416 2578 557 2619 domos,
568 2577 663 2618 vias,
675 2576 809 2617 templa
826 2585 908 2609 ser-

172 2630 233 2672 tis,
259 2632 421 2673 coronis,
445 2633 577 2665 fronde
599 2641 644 2664 ac
672 2633 820 2665 floribus
844 2642 909 2665 or-

173 2687 281 2717 nandi
327 2687 459 2727 passim
502 2689 665 2730 tangitur
705 2697 728 2720 a
768 2689 906 2721 Latinis

170 2743 426 2783 scriptoribus.
481 2743 563 2776 vid.
593 2746 682 2777 Met.
710 2745 784 2786 IV5
813 2745 907 2786 760„

172 2801 249 2830 luv.
275 2800 350 2830 Sat.
374 2799 448 2840 Vl,
480 2799 557 2841 51„
591 2800 712 2842 ibique
748 2800 905 2842 interpp.

171 2854 273 2895 Virg.
298 2855 340 2886 A.
362 2854 413 2895 11,
435 2853 511 2886 249.

1043 523 1105 552 Nos
1123 523 1251 553 delubra
1268 523 1356 552 deum
1373 521 1488 556 miseri,
1513 522 1620 559 quihus
1636 523 1711 551 ulti—

1379 575 1446 596 mus
1467 570 1551 596 esset

1043 613 1101 642 Ille
1135 615 1212 650 dies,
1248 614 1330 643 festa
1359 614 1496 686 velzmus
1524 610 1632 641 honde
1656 619 1712 648 per

1375 665 1411 685 ur
1433 665 1490 685 em.

1020 727 1114 760 Alta
1137 725 1305 761 Palatia.
1357 727 1441 760 Vid.
1465 727 1511 758 ad
1534 727 1574 768 1,
1596 725 1633 768 1,
1656 726 1709 758 69.

982 783 1121 816 Velare
1142 782 1180 815 in
1202 784 1271 816 hac
1302 791 1346 816 re
1377 783 1541 815 solemne
1563 790 1609 814 ac
1631 783 1712 814 fere

977 838 1166 880 proprium
1179 840 1274 880 apud
1295 838 1438 881 poetas.
1471 837 1556 871 Vid.
1572 839 1649 871 not.
1663 838 1710 869 ad

975 895 1027 938 V,
1050 896 1086 937 5,
1109 894 1164 926 10.

1021 972 1054 1006 4.
1087 969 1343 1014 Inficiuntque
1370 968 1478 1003 diem.
1532 971 1639 1003 Pont.
1661 971 1712 1012 11,

978 1027 1014 1071 1,
1037 1027 1092 1060 89.

1043 1102 1121 1131 num
1152 1100 1209 1129 tibi
1239 1101 1378 1136 gratatur
1398 1098 1529 1134 populus
1557 1099 1712 1135 totamque

1376 1151 1432 1179 per
1448 1142 1554 1170 urbem

1091 1188 1197 1218 Omnis
1214 1188 1350 1217 odoratis
1367 1187 1488 1224 ignibus
1506 1193 1561 1216 arn
1577 1187 1669 1216 calet.

977 1260 1124 1292 Metam.
1146 1259 1230 1301 XV,
1259 1258 1337 1290 783.

1042 1333 1123 1361 'rura
1145 1339 1238 1367 super
1261 1331 1355 1367 ripas,
1382 1331 1445 1360 aris
1468 1339 1507 1360 ex
1530 1332 1637 1362 ordine
1662 1331 1711 1361 fa-

1376 1375 1434 1404 ctis

1042 1421 1133 1450 Parte
1158 1421 1196 1449 ab
1219 1422 1351 1455 utraque
1382 1395 1492 1450 son’ant
1520 1424 1552 1449 et
1582 1422 1712 1450 odorant

1374 1467 1448 1494 aera
1465 1466 1566 1496 sumis.

1561 1513 1712 1547 ΗιειΝε.

979 1565 1164 1609 Inficiunt
1190 1568 1271 1600 fere
1294 1569 1350 1600 est
1369 1567 1475 1610 fumo
1498 1568 1710 1611 obfuscant.

979 1624 1068 1656 V111
1097 1624 1233 1656 Heinsii
1257 1623 1402 1656 curave.

1022 1702 1054 1732 5.
1090 1699 1343 1743 Candidaque.
1389 1700 1574 1734 Candidae
1600 1701 1711 1735 victi—

978 1763 1057 1787 mae
1081 1755 1118 1787 in
1140 1756 1272 1798 sacris,
1297 1756 1458 1797 inprimis
1472 1757 1531 1800 iis,
1545 1765 1638 1799 quae
1647 1758 1711 1790 10-

977 1811 1015 1842 vi
1039 1811 1276 1854 offerrentur,
1300 1812 1563 1853 deligebantur.
1608 1815 1711 1846 Pout.

977 1867 1047 1908 IV,
1071 1867 1107 1908 9,
1131 1868 1202 1909 50.,
1223 1869 1348 1901 Amor.
1372 1869 1709 1912 111,13,13.,Virg.

975 1922 1019 1953 A.
1043 1922 1108 1963 IX,
1134 1922 1209 1955 627.
1267 1923 1372 1957 Conf.
1399 1925 1500 1958 Fast.
1522 1927 1556 1969 Ι,
1579 1926 1633 1959 84.
1667 1942 1711 1948 --

975 1977 1074 2009 Fast.
1098 1977 1127 2019 1,
1153 1978 1255 2032 72οῚ

1042 2051 1180 2088 Albaque
1205 2060 1352 2088 percussa
1377 2052 1500 2081 victima
1529 2051 1710 2082 frontena-

1376 2097 1439 2125 dat.

974 2163 1171 2206 Adducta,
1204 2165 1242 2198 in
1273 2166 1386 2198 altum
1415 2167 1562 2200 sublata
1584 2170 1622 2200 et
1643 2175 1707 2200 re-

975 2221 1098 2264 ducta,
1123 2231 1192 2262 quo
1222 2222 1375 2263 gravior
1402 2223 1507 2256 ictus.
1555 2225 1708 2264 semper

973 2275 1010 2308 in
1034 2284 1100 2308 ore
1133 2277 1230 2318 gerit
1259 2277 1352 2311 hanc
1380 2269 1519 2312 vocem.
1551 2297 1593 2302 —
1622 2281 1709 2313 Vnt.

974 2332 1006 2363 2.
1030 2331 1250 2364 candidave.

1021 2409 1052 2441 6.
1089 2408 1224 2451 Tinyit.
1248 2412 1324 2443 Pal.
1335 2413 1382 2454 2.,
1397 2413 1532 2455 Guelfi,
1547 2412 1708 2454 Pirckh.,

975 2465 1107 2498 Franc.
1132 2475 1200 2507 pro
1225 2477 1260 2499 v.
1283 2476 1354 2499 scr.
1378 2468 1514 2509 pulset.
1558 2468 1636 2501 Pal.
1661 2468 1708 2511 1.,

976 2521 1053 2553 Pol.
1076 2523 1107 2554 1.
1132 2525 1169 2554 et
1191 2523 1247 2564 2.,
1276 2523 1423 2565 Frauc.,
1456 2524 1549 2565 Iun„
1572 2517 1706 2555 Bel-sm.

977 2578 1014 2608 et
1036 2578 1125 2609 vett.
1151 2579 1231 2610 edd.
1251 2579 1392 2619 pulsat.
1437 2579 1523 2610 Vat.
1543 2581 1584 2618 let
1598 2579 1706 2612 Crev.

978 2632 1108 2673 tinyat.
1153 2635 1273 2666 Berol.
1299 2633 1424 2675 tinyet.
1468 2634 1566 2667 Leid.
1581 2633 1707 2666 tina-it.

974 2689 1119 2729 Reliqui
1149 2687 1281 2730 tinqit,
1312 2691 1406 2730 quod
1446 2689 1622 2731 verbum,
1668 2693 1707 2722 ut

974 2747 1078 2776 notat
1099 2746 1344 2788 Burmannus,
1375 2745 1503 2778 melius
1534 2747 1707 2778 convenit

973 2799 1028 2831 illi
1050 2798 1242 2841 sanquine,
1277 2809 1380 2842 quam
1407 2799 1549 2841 pulsat.
1605 2800 1705 2834 Fast.

973 2855 1042 2896 VI,
1065 2855 1119 2887 82.
