1846 3146
170 146 269 195 242

416 144 473 193 Ρ.
510 143 733 197 0V1D11
766 145 1082 199 NASONIS
1114 147 1457 201 TRISTIUM

171 265 473 328 Quaerebam
504 237 685 319 fratres
719 271 943 336 exeeptis
977 270 1175 320 scilieet
1207 270 1328 344 illie,

1630 273 1695 323 65

237 351 373 412 Quos
407 367 523 401 suus
557 355 749 417 optaret
781 367 880 400 non
913 355 1142 416 genuisse
1176 348 1379 419 paren-3

171 434 495 495 Quaerentem
527 434 709 483 frustra
744 439 908 483 eustos
944 450 972 483 e
1006 435 1206 485 sedibus
1241 436 1343 486 illis

235 518 555 584 Praepositus
589 521 760 566 saneto
794 519 937 566 iussit
969 518 1105 567 abire
1139 519 1269 568 loeo.

170 599 350 650 Altera
382 600 565 667 templa
597 605 729 666 peto,
764 602 930 660 vicino
965 592 1130 650 iuncta
1163 601 1379 661 theatro;

235 682 378 732 Haec
413 698 604 748 quoque
638 688 776 732 erant
795 683 1015 749 pedibus
1049 700 1147 733 non
1181 684 1408 734 adeunda
1442 687 1575 734 meis.
1612 684 1702 734 *⁷0

167 765 283 815 Nee
314 781 404 827 me,
441 782 565 831 quae
601 758 762 816 doctis
794 772 1053 833 patuerunt
1084 766 1236 832 prima
1269 769 1480 829 libellis,

131 913 134 915 Β
234 848 382 898 Atria
413 848 644 899 Libertas
677 855 882 914 tangere
913 867 1061 916 passa
1094 867 1183 899 sua
1217 857 1307 900 est.
1350 889 1355 893 .

167 930 225 980 In
260 947 415 996 genus
451 935 665 982 auctoris
699 934 863 981 miseri
895 932 1092 980 fortuna
1126 931 1382 995 redundat,

232 1013 301 1064 Et
332 1017 538 1081 patimur
570 1018 687 1078 nati,
725 1033 863 1081 quam
896 1013 1008 1063 tulit
1039 1017 1170 1082 ipse,
1205 1017 1383 1082 fugam.

210 1179 268 1212 65:
300 1179 477 1222 Fratres,
502 1184 542 1214 ut
564 1183 596 1224 1,
627 1182 662 1224 1,
693 1182 767 1215 107.
813 1182 900 1215 Post

166 1234 303 1274 poetae
333 1236 498 1270 exsilium
528 1246 652 1270 omnes
683 1237 760 1268 eius
783 1236 900 1269 libros

165 1297 188 1322 e
210 1284 437 1324 bibliothecis
465 1293 620 1333 publicis
651 1301 732 1325 esse
762 1293 900 1325 eiectos

163 1353 212 1378 ex
235 1346 413 1391 hocloco
445 1348 708 1394 coniectarunt.
761 1349 899 1381 Verum

161 1402 329 1443 equidem
363 1409 488 1443 neque,
511 1404 602 1436 illud
630 1404 667 1436 in
705 1404 774 1436 hoe
812 1404 899 1436 loco

163 1457 332 1498 reperire
355 1466 502 1498 possum
523 1475 568 1481 —
596 1467 679 1491 nam
700 1459 792 1491 illud
814 1458 898 1490 nati

165 1521 201 1545 v.
224 1513 294 1555 74„
318 1514 480 1554 quamvis
491 1514 664 1547 universe
678 1514 812 1547 dictum
834 1501 896 1556 sit,

163 1569 211 1601 ad
246 1569 341 1600 hunc
378 1569 510 1602 librum
541 1570 688 1602 tertium
726 1571 898 1602 referen-

165 1625 247 1656 dum
268 1634 333 1666 —;
373 1633 443 1658 nec
487 1626 602 1667 magiS
646 1625 897 1658 confirmatum

163 1680 328 1722 reperio,
351 1683 446 1721 quod
469 1680 533 1712 alii
556 1683 790 1724 asseverant,
819 1683 897 1714 Na-

163 1737 264 1769 sonis
286 1736 403 1769 libros
432 1744 614 1777 nunquam
646 1735 760 1767 fuisse
782 1736 818 1767 in
841 1736 898 1768 bi-

163 1793 365 1826 bliothecas
388 1792 553 1833 publicas
575 1793 756 1832 receptas.
800 1792 899 1824 Nihil

119 1886 124 1896 ‚
165 1847 263 1879 aliud
285 1847 369 1878 mihi
402 1846 435 1878 h.
467 1847 492 1878 l.
521 1846 670 1878 libellus
693 1847 816 1878 dicere
838 1848 898 1880 vi·-

165 1903 287 1943 detur,
310 1909 414 1942 quam
435 1910 477 1934 se
498 1910 572 1934 non
590 1909 672 1933 esse
693 1899 901 1944 receptum,¹

165 1958 204 1989 et
225 1964 249 1988 a.
271 1958 444 2002 custode,
460 1958 650 1996 postquam
674 1956 760 1999 ille,
796 1959 896 1990 cuius

157 2012 260 2057 *liber
282 2015 394 2054 esset,
418 2008 592 2053 audisset,
625 2012 727 2044 abire
752 2013 896 2045 iussum.

165 2067 277 2102 Certe
310 2075 438 2108 parum
471 2067 663 2108 probabile
697 2068 775 2109 est,
808 2068 897 2100 illu-

164 2124 258 2157 stria
280 2122 400 2157 Ovidii
428 2122 590 2155 carmina
619 2131 694 2156 non
714 2123 812 2155 inter
834 2133 897 2156 re-

164 2179 265 2220 liqua
302 2171 515 2212 Latinorum
547 2177 739 2219 poetarum
769 2188 898 2212 monu-

165 2236 287 2267 menta
318 2233 466 2275 publico
500 2232 580 2265 usui
613 2233 728 2266 fuisse
757 2243 898 2276 propo-

165 2289 248 2323 sita.

210 2392 265 2425 66.
302 2389 479 2432 Optaret,
490 2396 543 2421 sc.
554 2388 586 2422 si
603 2389 756 2422 liberum
769 2388 803 2421 id
815 2388 898 2431 sibi,

166 2448 229 2480 vel
250 2455 318 2479 sua
338 2447 377 2479 in
398 2447 583 2487 potestate
613 2446 719 2477 esset.
763 2444 840 2476 Pal.
866 2444 896 2476 1.

167 2506 204 2535 et
226 2504 261 2534 Π
284 2503 348 2535 alii
370 2501 539 2542 optarat.
594 2499 744 2533 Parem·
765 2499 896 2531 melio-

166 2566 227 2591 res
249 2558 378 2599 scripti
400 2558 494 2596 (Pal.
517 2556 547 2589 1.
571 2556 609 2588 et
631 2556 679 2597 2.,
702 2555 779 2587 Pol.
804 2555 834 2587 1.
859 2556 896 2588 et

166 2615 199 2647 2.
223 2616 261 2646 et
281 2614 335 2647 VI
357 2614 437 2651 alii)
461 2614 498 2646 et
515 2607 608 2645 'vett.
624 2612 702 2643 edd.
715 2619 783 2651 pro
796 2611 894 2652 vulg.

165 2669 292 2711 pater.
305 2668 452 2700 Himvs.
477 2668 626 2702 Parens
637 2666 745 2700 etiam
752 2667 879 2699 Dresd.
882 2689 896 2709 ,

166 2724 288 2758 Berol.
310 2725 347 2756 et
371 2723 497 2765 erev.;
520 2726 629 2764 atque
652 2730 697 2755 eo
711 2722 894 2755 vocabulo

166 2780 248 2813 fere
271 2780 484 2813 constanter
504 2779 542 2811 in
565 2785 610 2811 ea
631 2785 674 2810 re
693 2777 807 2810 utitur
824 2785 894 2818 po-

167 2835 240 2870 eta.
284 2835 368 2868 Vid.
378 2836 411 2878 1,
426 2834 462 2877 1,
474 2834 675 2877 115.,P0nt.
687 2834 756 2875 IV,
780 2835 816 2875 5,
837 2832 893 2865 29.

1008 1183 1062 1215 67.
1097 1182 1135 1214 E
1156 1181 1305 1214 sedibus
1326 1180 1417 1214 illis.
1461 1181 1607 1214 Pirckh.
1630 1181 1697 1214 de-

966 1235 1119 1279 siaibus,
1132 1246 1163 1279 q.
1182 1246 1213 1270 e.
1227 1238 1272 1270 de
1287 1237 1444 1270 sedibus.
1478 1238 1558 1270 Bel.
1572 1235 1699 1269 usedi-

965 1292 1043 1325 bas.
1075 1295 1158 1335 seg.
1172 1298 1209 1326 et
1222 1295 1329 1326 Goth.
1342 1295 1390 1326 'ew
1405 1291 1563 1326 sedibus.
1585 1292 1698 1326 Hein-

965 1349 1039 1380 sius
1062 1349 1196 1389 primus
1211 1350 1307 1382 dedit
1318 1358 1375 1383 me
1385 1348 1546 1382 sedibus.
1591 1347 1697 1382 Scri-

967 1406 1077 1443 ptura
1113 1404 1336 1445 reliquorum
1379 1406 1483 1437 codd.
1527 1406 1565 1437 et
1605 1405 1697 1436 vett.

966 1460 1046 1491 edd.
1076 1460 1231 1491 omnium
1265 1469 1284 1492 e
1315 1460 1463 1492 sedibus
1496 1451 1600 1492 reeta
1622 1459 1697 1490 est:

965 1515 1208 1555 quaerentem
1251 1517 1401 1558 eustos,
1445 1514 1580 1548 sancto
1610 1513 1698 1544 loco

966 1568 1226 1611 praepositus,
1260 1578 1280 1601 e
1307 1569 1454 1601 sedibus
1483 1568 1563 1601 illis
1591 1566 1699 1600 abire

964 1623 1085 1656 iussit.
1129 1625 1193 1657 Me
1214 1625 1247 1656 h.
1269 1624 1294 1656 l.
1316 1633 1391 1657 non
1413 1624 1527 1667 magis
1552 1623 1696 1656 deside-

965 1682 1071 1712 ratur
1094 1689 1198 1722 quam
1219 1682 1288 1722 ΠΙ,
1317 1681 1352 1723 9,
1375 1681 1430 1713 25.
1452 1680 1542 1720 εἰπε,
1567 1681 1634 1720 ΠΙ,
1657 1681 1696 1721 5,

964 1735 1018 1766 20.
1041 1734 1135 1776 mei,
1171 1738 1234 1767 aut
1262 1737 1341 1778 IV,
1375 1736 1418 1778 8,
1453 1737 1506 1769 58.
1529 1735 1627 1767 tuus.
1649 1751 1695 1758 ·-

963 1789 1063 1822 vett.
1104 1792 1183 1822 edd.
1226 1794 1377 1832 praeter
1416 1793 1553 1825 Bonon.
1593 1789 1695 1823 illos.

966 1847 1072 1879 Goth.
1097 1846 1335 1887 quaerebam.

1009 1925 1062 1957 69.
1095 1923 1233 1956 Altera
1263 1924 1427 1966 templa,
1456 1924 1697 1957 Bersmannus

965 1979 1137 2019 templum
1160 1980 1318 2012 Veneris
1341 1978 1526 2021 intelligit,
1541 1978 1699 2011 vicinum

965 2034 1108 2066 theatro
1139 2034 1311 2074 Pompeii.
1360 2034 1441 2068 ‚Sed
1471 2034 1698 2074 probabilius

965 2091 1035 2130 est,
1069 2090 1163 2129 quod
1191 2089 1427 2136 Verpoorten
1456 2090 1493 2120 et
1521 2089 1698 2131 verbm-g

965 2145 1199 2185 censuerunt,
1222 2143 1420 2185 significh
1439 2143 1627 2176 delubrum
1642 2146 1698 2178 A-

964 2198 1127 2239 pollinis,
1150 2198 1252 2230 iuxta
1275 2198 1369 2238 quod
1391 2198 1555 2238 porticus
1579 2199 1694 2233 Octa-

964 2253 1064 2295 viae,
1093 2253 1214 2286 vicina
1247 2254 1391 2285 theatro
1426 2254 1621 2297 Marcelli,
1656 2252 1694 2287 iu

964 2317 1035 2350 qua
1057 2310 1241 2350 Augustus
1264 2309 1419 2341 alteram
1441 2307 1698 2343 bibliothecam

964 2365 1146 2407 publicam
1180 2364 1271 2403 (vid.
1294 2364 1340 2395 ad
1361 2363 1416 2405 11,
1440 2362 1534 2400 420.)
1556 2364 1697 2396 instru-

964 2421 1029 2453 xit.
1049 2436 1091 2442 -
1110 2420 1156 2453 V.
1179 2419 1232 2451 71.
1269 2418 1348 2450 Rel.
1369 2416 1500 2459 primo
1520 2419 1695 2459 patuere.

963 2476 1057 2508 Busl.
1080 2483 1103 2508 a
1127 2474 1157 2507 1.
1180 2483 1225 2507 m.
1249 2472 1412 2514 tabellis,
1445 2481 1469 2506 a
1490 2474 1522 2506 2.
1546 2471 1696 2507 libellis.

1006 2553 1061 2585 72.
1092 2550 1208 2584 Atria
1224 2553 1313 2583 sunt
1327 2550 1459 2584 atrium
1482 2551 1607 2591 templi
1628 2536 1695 2583 125-

963 2607 1115 2641 bertatis
1137 2608 1175 2640 iu
1202 2608 1324 2639 monte
1340 2605 1540 2647 Aventino,
1559 2606 1596 2638 in
1620 2615 1691 2647 quo

963 2664 1108 2696 Asinius
1142 2663 1261 2695 Pollio
1292 2670 1340 2694 ea·
1369 2659 1564 2693 hostilibus
1593 2668 1691 2692 emu-

960 2716 1033 2749 viis
1054 2717 1204 2758 primam
1230 2716 1482 2749 bibliothecam
1510 2716 1692 2757 publicam

961 2773 1114 2813 aperuit.
1136 2773 1278 2804 Vid.ad
1289 2774 1340 2814 11,
1362 2772 1438 2807 420.
1470 2772 1526 2804 De
1538 2770 1633 2811 plur.
1644 2778 1692 2801 a-

961 2828 1042 2862 tria
1050 2829 1122 2862 vid.
1131 2829 1177 2861 ad
1187 2838 1222 2861 v.
1231 2828 1286 2860 27.
1303 2827 1350 2861 V.
1357 2827 1411 2861 7³.
1421 2823 1691 2868 Serv.inaenio.
