1846 3146
214 157 247 206 8
703 157 1247 211 PROLEGOMENA.

215 291 319 321 suos
346 279 388 321 iu
415 279 564 322 itinere
595 292 760 323 errores
798 287 843 324 et
883 294 1014 324 casus
1056 294 1152 324 cum
1180 282 1316 326 Ulixis
1352 282 1564 326 erroribus
1608 296 1729 326 com-

215 363 373 405 parans
399 352 467 394 sic
494 351 641 394 habet:

391 454 468 487 Nos
490 453 588 486 freta
608 452 788 497 sideribus
811 453 899 486 totIs
922 453 1093 488 distantia
1114 462 1259 488 mensos

435 510 527 542 Sors
556 508 639 541 tulit
669 509 713 542 in
743 509 931 542 Geticos
962 511 1344 553 Sarmaticosque
1372 510 1511 544 sinus.

215 596 338 639 Alter
365 602 435 639 est
462 597 498 652 l,
528 597 572 652 8,
601 596 689 639 39.:
1726 603 1747 613 ‘

389 698 474 732 Non
495 705 566 740 ego
589 700 627 732 te
649 697 794 740 placida
815 697 974 741 genitum
996 705 1083 732 reor
1105 698 1202 732 Urbe
1224 696 1378 743 Quirini,

431 754 546 796 Urbe,
568 760 648 786 meo
672 761 763 795 quae
786 753 855 786 iam
877 761 952 786 non
972 754 1137 786 adeunda
1158 755 1251 795 pede
1274 757 1350 797 est3

388 808 462 841 Sed
482 806 659 852 scopulis,
682 808 787 842 Ponti
810 817 900 849 quos
922 809 1014 841 haec
1034 809 1143 842 habet
1166 817 1234 843 ora
1254 808 1392 843 sinistri
1413 826 1457 834 -

212 894 353 951 Unde,
385 909 481 938 cum
508 896 550 938 in
578 896 630 938 iis
659 897 766 939 locis
793 902 923 951 poeta
951 897 1010 939 ita
1037 895 1246 951 loquatur,
1277 895 1400 950 quasi
1425 894 1621 937 inPonto
1647 895 1732 936 iam

212 967 341 1022 adsit,
372 980 457 1010 non
484 974 645 1010 temere
663 969 882 1024 coniicias,
914 981 1010 1009 eum
1027 974 1144 1024 tunc,
1176 980 1272 1009 cum
1290 968 1361 1009 illa
1377 968 1597 1023 scriberet,
1626 980 1732 1008 vere

212 1039 298 1080 iam
325 1040 368 1081 in
395 1040 531 1083 Ponto
562 1040 698 1081 fuisse
726 1040 869 1095 itaque
896 1039 953 1082 ibi
981 1039 1149 1081 demum
1184 1039 1295 1081 hunc
1323 1040 1471 1080 librum
1498 1040 1624 1093 plane
1652 1040 1733 1080 ab-

212 1111 402 1171 solvisse
428 1112 693 1167 Romamque
722 1111 906 1153 misisse.
984 1112 1075 1155 Sed
1116 1112 1292 1166 primum
1334 1111 1390 1152 illi
1416 1112 1499 1153 loci
1526 1125 1604 1166 per
1630 1124 1733 1166 pro-

212 1182 353 1236 lepsin
381 1183 585 1238 explicari
611 1189 803 1238 possunt.
870 1182 1037 1226 Deinde
1079 1189 1208 1238 poeta
1245 1195 1272 1224 a
1308 1183 1433 1238 gravi
1470 1183 1554 1224 isto
1592 1196 1733 1226 errore

214 1256 343 1297 etiam
372 1256 453 1298 alio
482 1253 607 1296 modo
633 1256 807 1310 purgari
834 1261 989 1309 potest.
1045 1256 1160 1297 Nam
1190 1254 1302 1310 quod
1330 1253 1386 1296 ad
1413 1254 1504 1296 illa:

391 1356 483 1389 Sors
507 1356 591 1390 tunt
613 1356 650 1390 in
673 1356 823 1390 Geticos
845 1356 1139 1398 Sarmaticosque
1160 1355 1262 1388 sinus
1283 1371 1327 1378 —
1377 1388 1381 1389 t

214 1454 240 1482 e
269 1441 484 1482 Strabone
512 1449 712 1499 constat,
759 1442 900 1487 Getas
937 1432 1103 1498 quoque
1141 1443 1184 1483 in
1211 1442 1393 1485 ThracIa
1429 1442 1649 1484 habitasse
1691 1447 1735 1481 et

213 1512 439 1555 Thraciam
479 1525 618 1568 saepe
656 1515 876 1569 Scythicis
912 1515 1184 1570 regionibus,
1228 1526 1311 1569 quo
1352 1515 1573 1570 relegatus
1609 1513 1734 1555 Naso

215 1590 323 1640 erat,
355 1584 635 1628 adnumerari.
690 1587 839 1629 Verba
867 1593 1031 1644 autem:

415 1709 425 1719 .
470 1685 576 1720 Ponti
597 1695 688 1730 quos
711 1687 801 1721 haec
823 1688 932 1722 habet
955 1695 1023 1721 ora
1043 1686 1180 1720 sinistri
1203 1703 1246 1710 —

216 1783 276 1823 ita
305 1783 445 1838 accipi
471 1791 678 1841 possunt,
706 1792 754 1827 ut
781 1790 910 1840 poeta
939 1798 964 1827 e
991 1785 1119 1840 mari,
1157 1784 1229 1826 ubi
1256 1796 1311 1825 ea
1337 1784 1559 1840 scriberet,
1587 1785 1630 1826 in
1658 1796 1736 1827 eas

216 1866 332 1910 oras,
365 1857 560 1910 quamvis
588 1857 703 1899 haud
730 1857 790 1898 ita
818 1869 950 1910 prope
978 1856 1178 1912 adesset,
1220 1855 1364 1911 digitis
1393 1856 1620 1898 ostendere
1654 1870 1737 1911 pu-

216 1931 341 1967 tetur.
400 1925 509 1968 Olim
536 1928 579 1969 in
606 1929 730 1970 tertio
759 1929 854 1969 loco
881 1928 1139 1982 haerebam,
1185 1927 1255 1982 qui
1297 1932 1366 1968 est
1399 1927 1441 1969 in
1480 1928 1604 1970 huius
1644 1928 1737 1969 libri

219 1997 406 2038 carmine
434 2004 576 2053 sexto,
607 1999 651 2040 in
681 2011 762 2054 quo
779 2011 952 2040 uxorem
973 2013 1096 2042 suam
1113 1997 1339 2054 collaudat,
1370 1998 1483 2051 quod
1508 1999 1736 2040 amicorum

216 2068 429 2123 praesidio
460 2075 504 2111 et
531 2069 773 2111 fortitudine
787 2083 866 2112 sua
882 2084 973 2113 rem
996 2071 1242 2112 familiarem
1271 2075 1314 2110 et
1341 2070 1452 2111 bona
1481 2083 1560 2111 sua
1589 2076 1737 2112 contra

218 2141 395 2182 scelesti
423 2141 603 2186 hominis
631 2141 893 2197 iniquitatem
921 2148 1049 2198 atque
1075 2142 1265 2183 iniuriam
1293 2141 1456 2183 fortiter
1486 2141 1736 2183 defenderit.

218 2211 295 2254 Sic
324 2213 436 2254 enim
464 2211 714 2254 iudicabam.
786 2213 895 2257 Cum
932 2227 1091 2256 caussa
1130 2215 1201 2255 illa
1228 2212 1341 2268 apud
1372 2213 1526 2255 iudicia
1554 2220 1655 2255 acta
1682 2227 1737 2256 ac

216 2283 336 2325 victa
364 2285 417 2325 ab
447 2297 579 2326 uxore
608 2291 753 2340 esset,
793 2298 877 2327 non
907 2299 960 2327 ea
988 2286 1128 2327 omnia
1154 2285 1264 2326 intra
1292 2287 1423 2327 breve
1452 2285 1554 2326 illud
1580 2292 1737 2340 poetae

216 2355 383 2397 itineris
412 2361 581 2410 tempus
608 2357 802 2411 potuisse
829 2357 922 2398 fieri
950 2363 1077 2412 atque
1105 2357 1308 2415 absolvi,
1343 2370 1398 2399 ac
1433 2357 1572 2399 minus
1608 2357 1736 2399 etiam

219 2427 364 2469 uxoris
393 2441 447 2469 ea
476 2427 529 2468 de
557 2441 604 2469 re
631 2428 799 2484 literas,
840 2428 896 2470 ad
922 2441 1030 2484 quas
1059 2429 1102 2470 in
1128 2429 1197 2469 illo
1226 2428 1412 2470 carmine
1439 2428 1734 2484 respondetur,

220 2497 276 2539 ad
302 2499 527 2541 Nasonem
554 2501 791 2555 pervenire,
823 2513 918 2542 cum
946 2506 1033 2541 tam
1061 2499 1184 2542 tarda
1211 2505 1333 2541 esset
1361 2513 1414 2541 ea
1442 2506 1586 2541 aetate
1608 2506 1736 2558 atque

218 2572 382 2612 incerta
422 2572 528 2612 ratio
570 2573 782 2613 literarum
819 2571 1166 2625 perferendarum
1208 2571 1251 2612 in
1291 2571 1439 2619 itinere
1466 2572 1733 2626 praesertim,

219 2643 343 2696 quale
380 2643 571 2684 Nasonis
600 2643 702 2698 fuit,
742 2644 949 2685 maritimo
978 2644 1293 2699 asperrimaque
1330 2643 1431 2684 anni
1464 2649 1734 2698 tempestate.

218 2714 278 2754 At
306 2715 374 2755 ille
403 2716 626 2770 scrupulus
655 2715 823 2769 tollitur,
855 2714 1077 2757 dummodo
1106 2708 1405 2770 intelligamus,
1436 2714 1556 2756 tarde
1584 2714 1735 2756 admo-
1761 2716 1789 2736 ‘⁴

222 2785 318 2828 dum
347 2799 443 2828 eum
472 2800 574 2829 esse
602 2787 855 2848 profectum,
885 2793 929 2829 et
956 2793 1055 2843 post
1075 2789 1218 2842 plures
1242 2787 1410 2829 demum
1430 2799 1619 2842 menses,
1650 2799 1733 2830 non
