1846 3146
564 149 1256 239 ιιΒ.ν.Ε1.Ε(;.ΧῙΠ.

912 58 931 78 l

1538 179 1637 228 519

120 314 266 376 Quod
296 319 380 364 tua
410 327 488 362 me
519 326 632 361 raro
664 309 852 360 solatur
883 306 1108 374 epistola,
1141 316 1348 370 peeeas,

184 398 401 461 Remque
431 397 558 461 piam
589 399 835 460 praestant,
871 397 923 441 et
953 389 1067 441 mihi
1098 385 1255 437 verba
1287 398 1456 448 negas.

119 479 248 541 Hoc,
281 493 475 546 preeor,
508 475 733 527 emenda!
769 474 914 535 Quod
946 475 990 522 si
1025 470 1302 522 correxeris
1335 483 1494 527 unum,

184 562 368 612 Nullus
400 563 451 610 in
485 550 689 624 egrer
724 571 933 623 corpore
966 570 1153 604 naevus
1187 553 1293 601 erit.

54 700 58 704 ,
118 642 351 694 Pluribus
384 658 622 702 accusem,
656 641 764 690 fieri
796 642 890 689 nisi
924 643 1112 705 posset,
1146 641 1200 684 ut
1230 633 1297 683 ad
1330 649 1406 683 me

1572 631 1638 682 15

184 726 356 776 Litera
387 742 484 776 non
515 727 700 784 veniat,
732 725 879 771 missa
911 723 977 770 sit
1006 721 1097 768 illa
1128 724 1301 767 tamen.

120 809 186 857 Di
220 809 417 869 faciant,
450 813 504 857 ut
536 810 601 856 sit
634 807 888 856 temeraria
920 808 1087 852 nostra
1121 799 1336 866 querela,

184 890 358 956 Teque
388 895 550 956 putem
583 891 713 939 falso
739 904 845 938 non
878 887 1149 936 meminisse
1182 884 1302 931 mei!

120 973 264 1034 Quod
285 988 478 1039 precor,
515 988 627 1022 esse
652 973 829 1037 liquet:
862 983 1019 1034 neque
1054 968 1194 1027 enim,
1227 966 1456 1015 mutabile
1477 966 1640 1026 robur,

187 1052 408 1105 Credere
441 1071 515 1104 me
548 1055 626 1104 fas
660 1047 753 1115 estj
786 1054 1002 1120 pectoris
1035 1064 1148 1099 esse
1181 1051 1266 1097 tui.

1576 1048 1642 1098 20

122 1137 262 1189 Cana
292 1140 428 1204 prius
460 1137 630 1203 gelido
666 1137 828 1186 desint
861 1132 1102 1184 absinthia
1133 1131 1311 1193 Ponto,

187 1221 256 1270 Et
288 1225 454 1270 eareat
486 1220 621 1269 dulei
653 1220 907 1268 Trinacris
941 1215 1111 1281 Hybla
1145 1214 1336 1280 thym03

122 1305 447 1353 Immemorem
479 1320 618 1368 quam
650 1306 700 1351 te
736 1303 983 1366 quisquam
1018 1299 1281 1347 convineat
1312 1298 1479 1346 amici:

187 1386 306 1435 Non
336 1388 406 1435 ita
438 1391 549 1434 sunt
582 1385 671 1434 fati
704 1386 907 1433 stamina
940 1384 1081 1447 nigra
1114 1382 1220 1430 mei.

123 1537 218 1578 Put,
239 1537 294 1568 111
315 1535 379 1567 alii
399 1535 536 1577 Heius„
561 1535 659 1576 ReL,
682 1534 791 1568 Crev.
815 1537 854 1566 et

122 1591 207 1633 seg.
227 1599 298 1631 pro
320 1601 357 1624 v.
379 1600 452 1624 scr.
475 1599 595 1633 neges.
639 1590 760 1623 Guelf.
782 1596 806 1620 a
820 1589 853 1621 2.

122 1655 168 1679 ιι.
188 1646 308 1679 verba
327 1645 448 1689 feras.

167 1713 222 1744 10.
252 1711 330 1744 Per
341 1720 518 1744 numeros
533 1719 669 1753 omnes,
683 1719 750 1752 per
763 1719 854 1752 par-

127 1769 184 1799 tes
207 1774 343 1799 omnes.
388 1767 460 1800 sie.
485 1768 559 1801 cic.
584 1768 628 1799 de
644 1768 722 1800 Fin.
741 1769 803 1799 111.
822 1775 853 1799 c.

125 1822 181 1855 84.
205 1819 401 1853 continere
426 1829 552 1854 omnes
574 1830 748 1854 numeros
769 1821 854 1854 vir-

128 1876 231 1910 tutis.
282 1878 402 1910 Notae
425 1880 509 1910 sunt
531 1877 712 1910 formulae
734 1875 854 1908 omni-

126 1933 194 1966 bus
221 1932 387 1964 numeris
412 1931 619 1974 perfectus,
648 1930 854 1962 ubsolam.

77 1981 81 1986 ’
131 1989 280 2022 fucare
302 1987 429 2028 caput.
474 1987 577 2020 conf.
599 1989 670 2029 IV,
692 1988 728 2028 5,
755 1986 810 2018 21.

170 2049 224 2083 14.
256 2048 421 2081 Nomas.
473 2048 563 2080 Hor.
584 2049 660 2079 Sat.
684 2048 716 2088 1,
740 2047 776 2087 6,
800 2047 854 2078 66.

190 2116 226 2123 —
258 2117 293 2122 —
301 2103 314 2130 Ι
323 2113 689 2121 ——————
720 2098 806 2126 velut
827 2098 855 2126 si

191 2145 326 2182 Egregia
349 2144 505 2179 inspersos
532 2143 698 2178 reprendas
728 2149 854 2177 corpore

519 2193 644 2215 naevos.

129 2243 226 2276 nusl.
256 2241 404 2283 εωίριιο.
469 2239 570 2272 Leid.
598 2238 767 2280 ingenuo.
819 2241 856 2271 11

129 2299 252 2332 Heius.
274 2295 407 2337 emique
429 2295 608 2336 tempore.
654 2296 737 2336 seg.
756 2295 852 2326 erat.

174 2364 227 2396 15.
264 2361 407 2394 Posset.
451 2362 561 2401 Mon,
584 2362 662 2392 Iun.
682 2362 720 2391 et
736 2361 788 2391 111
809 2367 853 2390 a-

131 2418 173 2450 lii
194 2416 317 2449 Heius.
335 2414 466 2455 possit.
524 2415 604 2456 Ego
629 2416 770 2446 mutare
793 2415 855 2446 vix

131 2473 259 2505 audeo.
312 2470 396 2503 Vid.
418 2470 464 2501 ad
485 2478 521 2501 v.
545 2469 577 2501 4.
628 2470 683 2501 Ad
704 2472 855 2501 senten-

133 2527 219 2559 tiam
242 2525 338 2558 conf.
362 2525 430 2565 IV,
452 2524 489 2564 7,
512 2523 543 2556 9.

176 2592 230 2625 16.
265 2591 346 2624 Illa
370 2591 506 2622 tamen.
551 2591 646 2622 Mor.
664 2593 702 2623 et
721 2591 774 2622 IV
798 2590 860 2622 alii

131 2644 219 2687 ipsa
240 2645 338 2677 licet.
368 2645 508 2677 Bmur.
544 2645 641 2676 Idem
654 2645 859 2685 Droerhpro

131 2710 169 2733 v.
191 2709 266 2733 scr.
291 2716 337 2723 --
370 2700 477 2733 Goth.
501 2707 524 2731 a
546 2699 578 2731 2.
599 2708 645 2731 m.
667 2698 742 2730 illa
762 2697 860 2730 licet.

134 2755 230 2797 Ipsa
252 2755 358 2788 etiam
382 2756 462 2788 Bel.

179 2811 232 2844 1⁹.
256 2810 361 2850 Quod
370 2817 524 2850 precor,
536 2816 614 2840 esse
624 2807 750 2849 liquet.
780 2807 861 2839 Vid.

135 2866 211 2907 IV,
238 2866 274 2907 ⁷,
304 2864 355 2898 11.
384 2881 427 2888 —
459 2865 553 2906 rut„
575 2864 698 2905 Serv„
721 2864 863 2904 Dresd„

917 1531 1037 1564 Berol.
1060 1534 1098 1563 et
1120 1530 1242 1570 Leid„
1271 1529 1331 1570 qui
1356 1531 1426 1562 hoc
1448 1538 1559 1561 versu
1582 1531 1648 1561 de-

917 1588 1017 1629 siuit,
1039 1594 1108 1618 nec
1129 1583 1236 1617 enim.
1287 1585 1334 1616 V.
1358 1584 1412 1616 20.
1450 1585 1531 1617 Bel.
1556 1592 1648 1617 cor-

915 1642 1036 1685 por-is.

962 1709 1016 1741 21.
1050 1708 1186 1746 Ponto,
1201 1706 1261 1739 ubi
1277 1708 1492 1739 absinthium
1510 1710 1548 1739 et
1570 1715 1650 1738 ma·-

919 1764 1015 1796 xima
1038 1764 1145 1803 copia
1166 1766 1202 1795 et
1220 1763 1579 1804 praestantissimum,
1592 1764 1650 1794 te-

918 1821 976 1851 ste
998 1819 1115 1851 Plinio
1138 1818 1182 1850 N.
1206 1818 1248 1849 fl.
1271 1819 1421 1850 xxvn.
1442 1826 1475 1850 c.
1492 1819 1523 1850 7.
1568 1819 1651 1850 Me-

920 1874 988 1906 dic.
1011 1881 1103 1905 unus
1123 1871 1261 1914 gelida.

962 1941 1016 1972 22.
1043 1938 1245 1972 Trinacris
1266 1937 1400 1978 Hybla.
1436 1937 1652 1980 Trinacris,

919 1995 1062 2029 Sicula:
1084 2002 1166 2026 nam
1182 1994 1308 2026 Sicilia
1326 1993 1515 2026 Trinacria
1541 1995 1652 2035 dicta,

921 2059 944 2082 a
973 2051 1091 2083 tribus
1121 2050 1381 2090 promontoriis
1412 2042 1531 2090 (ἄκρα
1559 2048 1653 2079 enim

919 2102 1102 2137 summitas
1146 2107 1183 2137 et
1228 2103 1517 2145 promontorium
1562 2104 1652 2143 est),

921 2168 1013 2202 quae
1034 2161 1119 2191 sunt
1137 2160 1306 2199 Pelorus,
1327 2158 1519 2198 Pachynus
1534 2161 1571 2189 et
1587 2156 1653 2189 Li-

921 2217 1090 2248 libaeum.
1137 2216 1235 2246 Faet.
1259 2216 1327 2255 IV,
1349 2213 1424 2246 419.

987 2278 1080 2305 Terra
1106 2278 1205 2304 tribus
1219 2277 1353 2312 scopulis
1380 2278 1500 2303 vastum
1525 2283 1652 2310 procur-

1315 2322 1356 2348 rit
1373 2320 1404 2347 iu
1422 2327 1536 2355 aequor

1036 2365 1205 2398 Tria-eris.
1231 2374 1249 2394 a
1278 2366 1379 2401 positu
1408 2372 1517 2392 nomen
1543 2364 1653 2400 adepta

1317 2410 1388 2438 loci.

923 2468 1013 2500 Plin.
1037 2469 1099 2499 111.
1125 2476 1155 2499 c.
1178 2468 1210 2499 7.
1234 2472 1271 2499 et
1289 2468 1409 2500 Strab.
1429 2477 1460 2506 p.
1481 2467 1555 2500 183.
1580 2468 1653 2501 Ca-

924 2523 1024 2555 saub.
1078 2525 1132 2556 De
1162 2524 1279 2555 forma
1308 2522 1479 2554 adiectivi
1510 2522 1654 2554 Trina-

926 2577 1021 2618 cris,
1054 2586 1158 2618 quam
1189 2576 1336 2609 Ovidius
1360 2578 1510 2610 novavit
1530 2579 1610 2610 sive
1633 2587 1654 2611 e

927 2633 1071 2665 Graeco
1105 2632 1273 2664 Latinam
1306 2631 1397 2663 fecit
1426 2632 1498 2664 vid.
1527 2634 1573 2664 ad
1604 2635 1654 2674 Π,

927 2687 1003 2719 225.
1026 2689 1064 2719 et
1086 2686 1207 2719 Strab.
1230 2686 1254 2717 l.
1278 2685 1303 2717 1.
1342 2685 1477 2725 Hybla.
1500 2688 1584 2719 Vid.
1608 2688 1669 2720 ad*

928 2743 979 2783 V,
998 2743 1034 2784 6,
1046 2741 1099 2774 38.
1140 2741 1237 2773 Busl.
1256 2740 1454 2773 Trinacris
1470 2741 1569 2773 liora
1586 2751 1654 2782 pro

931 2805 1012 2829 ora.
1058 2798 1106 2828 V.
1128 2797 1183 2828 23.
1217 2797 1323 2828 Serv.
1346 2795 1476 2828 amice.

974 2863 1027 2895 24.
1060 2862 1245 2903 Stamina,
1267 2871 1319 2895 sc.
1334 2864 1540 2895 Parcarum.
1565 2863 1656 2894 Par-
