1846 3146
462 165 593 215 Lm.
625 164 716 214 111.
767 159 969 212 me.
993 160 1151 227 xm.
1181 161 1355 225 (ΧΠ.)

1566 139 1722 212 327'

148 285 368 357 Sedulus
401 301 653 358 oocurrain
683 288 874 356 nautae,
908 283 1138 350 dictaque
1168 284 1343 346 salute,

214 368 345 430 Quid
377 371 560 428 veniat,
596 373 835 433 quaeram,
869 369 1059 432 quisve,
1095 367 1334 431 quibusve
1368 367 1535 417 loeis?

147 452 244 502 Ille
279 451 485 517 quidem,
520 452 700 511 mirum,
735 451 785 498 ni
819 448 883 498 de
916 450 1120 513 regione
1146 453 1417 516 propinqua

1600 451 1666 499 35

218 535 272 584 N
274 551 337 583 on
370 535 467 582 nisi
497 535 688 583 vicinas
721 537 852 581 tutus
884 536 1048 580 araret
1077 548 1243 597 aquas.
1303 573 1310 578 ,

152 617 312 666 Rarus
345 616 405 666 ab
438 616 584 665 Italia
615 620 796 664 tautum
827 629 958 663 mare
991 615 1159 663 navita
1191 614 1385 677 transit3

218 682 390 748 Litora
422 715 561 748 rarus
594 699 645 746 in
676 698 800 747 haee
831 697 1066 764 portubus
1099 697 1219 746 orba
1252 701 1403 747 venit.

154 780 281 831 Sive
313 786 470 831 tamen
505 779 700 830 Graeca
732 783 916 841 scierit,
951 782 1062 830 sive
1095 780 1185 829 ille
1215 780 1396 830 Latina

220 864 364 914 Voce
397 864 561 929 loqui3
599 866 764 924 [certe
795 867 982 928 gratior
1012 864 1154 913 huius
1188 865 1309 925 erit]

155 1012 443 1047 coniunctionem
463 1012 498 1046 si
519 1013 557 1047 in
573 1013 774 1047 huiusmodi
794 1022 881 1047 sen-

154 1069 291 1111 tentiis,
313 1069 483 1110 imprimis
505 1077 529 1101 a
550 1068 686 1112 poetis,
702 1079 814 1112 saepe
837 1081 881 1105 o-

152 1125 247 1158 mitti
263 1125 487 1167 ignorarent.
531 1124 692 1157 Eandem
704 1126 882 1168 originem

154 1181 262 1213 habet
289 1190 325 1212 v.
355 1181 409 1212 32.
437 1188 516 1212 var.
545 1180 654 1212 adest
682 1181 719 1218 in
749 1182 826 1214 Pal.
851 1182 882 1214 1.

154 1237 193 1268 et
213 1236 261 1277 2.,
282 1235 414 1267 Franc.
427 1255 442 1275 ,
464 1235 553 1275 neg.
562 1255 578 1276 ‚
607 1236 702 1267 Mor.
731 1243 755 1266 a
785 1236 814 1267 1.
845 1240 883 1269 et

152 1285 238 1332 seg.
273 1306 319 1313 --
350 1288 545 1329 Incipiunt
577 1286 785 1322 mendosum
815 1293 883 1324 est.

155 1346 288 1377 Ber-sm.
308 1344 525 1376 transnare.
569 1345 673 1385 Virg.
689 1346 732 1376 A.
753 1347 786 1386 Ι,
808 1347 885 1379 538.

221 1433 255 1438 -
270 1433 305 1439 -
320 1434 355 1439 -
370 1432 404 1438 —
428 1419 487 1446 huc
511 1417 600 1453 pauci
622 1418 733 1446 vestris
756 1419 885 1449 adnavi-

550 1470 616 1491 mus
638 1469 700 1490 oris
719 1478 754 1483 —

158 1498 220 1532 ubi
241 1498 312 1531 vid.
334 1499 442 1531 Serv.

201 1576 255 1608 8³.
286 1575 363 1607 Pal.
385 1574 418 1607 1.
439 1575 582 1617 nando,
604 1578 642 1607 et
664 1585 699 1609 v.
728 1578 781 1610 34.
806 1578 886 1610 Put.

153 1634 195 1664 et
213 1631 313 1664 Gall.
336 1629 546 1672 quibusque.

203 1709 257 1741 85.
291 1708 368 1740 Ille
395 1707 562 1750 quidem,
590 1708 748 1751 mirum,
782 1709 822 1742 ni
846 1734 853 1741 .
881 1735 888 1741 .

155 1763 328 1796 Heinsius
350 1765 403 1795 111
424 1767 562 1796 tantum
586 1766 731 1797 codices
754 1765 794 1796 1ιὶ
821 1774 889 1797 ex-

155 1818 284 1850 hibere
300 1820 420 1861 notat,
442 1819 602 1859 reliquos
625 1818 709 1851 nisi.
753 1821 890 1862 Guelf„

155 1874 283 1915 Rem,
314 1873 435 1906 nostri
467 1876 504 1906 et
524 1876 613 1906 vett.
642 1876 721 1906 edd.
743 1879 892 1916 praeter

159 1930 297 1962 Bonon.
320 1927 372 1960 ni.

203 2006 258 2038 36.
278 2005 435 2038 Araret.
457 2007 624 2040 HeinsIus
643 2017 723 2041 cum
742 2007 890 2041 inLeid.

159 2067 229 2100 pro
251 2069 287 2092 v.
309 2068 404 2103 scr„
426 2063 464 2094 et
486 2063 524 2094 11
545 2063 626 2095 aliis
651 2065 757 2096 codd.
781 2071 891 2104 repe-

160 2115 271 2147 risset
293 2115 424 2148 arabit
445 2118 482 2149 et
504 2117 541 2149 in
564 2119 601 2150 11
631 2118 713 2150 aliis
741 2118 893 2159 ararat,

160 2171 320 2202 novandi
340 2171 460 2203 studio
483 2181 551 2205 suo
573 2172 706 2209 iterum
719 2173 892 2215 abreptus

163 2224 303 2257 induxit
324 2224 465 2267 ararit,
483 2226 675 2269 locumque
693 2218 892 2270 integerri-

150 2287 259 2311 ·mum
277 2281 458 2322 corrupit:
480 2289 607 2314 sensus
623 2285 716 2316 enim
730 2287 802 2317 est:
826 2283 892 2316 ille

164 2333 312 2376 quidem
333 2333 470 2367 mirum
491 2339 641 2381 (esset),
664 2337 892 2370 nisi—ara-

163 2390 229 2422 ret
249 2399 284 2431 q.
308 2397 340 2422 e.
363 2392 530 2423 ara-sset:
551 2409 597 2418 ·--
625 2395 718 2435 Iun„
747 2392 891 2425 Pirckh.
914 2421 916 2423 ,

166 2447 204 2479 et
226 2447 264 2478 11
283 2445 346 2477 alii
367 2445 488 2477 ueins.
515 2446 652 2480 adiret.

214 2510 347 2543 Tutus.
392 2510 596 2545 Confinor.
619 2513 683 2546 od.
706 2514 757 2556 11,
781 2514 839 2556 10,
861 2515 894 2548 6.

168 2568 207 2599 et
227 2566 300 2599 vid.
321 2566 439 2598 Bentl.
471 2569 517 2599 ad
546 2569 634 2600 Hor.
663 2569 740 2601 Sat.
770 2570 825 2610 11,
860 2568 895 2610 1,

160 2616 222 2654 55.
266 2622 348 2653 Art.
372 2621 474 2655 Poet.
496 2632 532 2655 v.
554 2623 609 2656 28.

162 2670 165 2674 ⁴
234 2682 338 2719 Serpit
354 2683 436 2712 humi
454 2687 536 2714 tutus
558 2684 693 2718 nimium,
717 2683 898 2720 timidusque

562 2730 726 2765 procellae.

174 2785 271 2817 unus
292 2786 395 2828 vat„
417 2785 516 2819 Maff.
546 2789 584 2820 et
615 2789 671 2820 ed.
700 2796 755 2830 pr.
779 2787 898 2820 Heius.

175 2845 365 2882 nunquam
383 2840 538 2875 vidua.

1606 864 1671 913 40

993 1014 1046 1046 37.
1086 1013 1267 1052 Tantum,
1302 1021 1354 1045 se.
1383 1016 1552 1054 quantum
1580 1014 1674 1053 inter

949 1069 1091 1101 ltaliam
1116 1072 1153 1100 et
1175 1068 1355 1100 sinistram
1368 1069 1473 1101 Ponti
1497 1077 1597 1101 oram
1617 1069 1673 1100 in-

949 1124 1115 1156 teriacet.
1159 1122 1241 1154 vid.
1263 1123 1309 1155 ad
1324 1124 1419 1165 1,1o.
1464 1125 1552 1157 Exc.
1567 1126 1674 1158 Voss.

950 1180 987 1209 et
1011 1177 1107 1209 Gall.
1131 1176 1177 1208 ab
1201 1177 1293 1208 Ital.
1318 1178 1426 1209 terra
1442 1187 1559 1212 mare.
1605 1182 1675 1213 Be-

950 1234 1021 1266 rol.
1043 1233 1201 1266 vicinus.
1230 1249 1274 1255 —
1302 1233 1348 1265 V.
1370 1234 1423 1265 38.
1448 1234 1524 1266 Pal.
1549 1234 1579 1266 1.
1603 1243 1675 1266 na-

950 1299 1008 1322 ms
1029 1298 1097 1331 pro
1121 1297 1250 1321 rarus.

994 1367 1050 1399 39.
1082 1365 1244 1398 Graeca.
1306 1367 1405 1399 Unus
1438 1366 1520 1398 Ital.
1549 1349 1678 1408 brata,

951 1423 1046 1455 unde
1075 1422 1241 1455 Heinsius
1280 1422 1435 1454 coniecit
1473 1423 1510 1452 et
1532 1421 1681 1461 -recepit

951 1477 1088 1510 Graia.
1144 1478 1231 1510 Sine
1263 1477 1358 1509 iusta
1391 1485 1544 1518 caussa,
1589 1477 1679 1509 lieet

950 1541 1204 1574 nonnunquam
1241 1532 1352 1573 poeta
1385 1534 1505 1565 forma
1538 1531 1680 1563 Graius

953 1592 1084 1621 utatur.
1120 1589 1203 1620 Non
1226 1591 1328 1620 recte
1350 1590 1470 1619 autem
1493 1594 1515 1616 a
1534 1586 1679 1625 quibus-

952 1644 1033 1674 dam
1054 1643 1186 1683 statui,
1213 1643 1365 1674 formam
1385 1641 1556 1673 Graecus
1576 1641 1680 1682 poni,

953 1707 1025 1730 non
1039 1697 1193 1738 Graius,
1203 1698 1234 1728 si
1247 1698 1411 1728 Graecus
1422 1697 1503 1728 aliis
1514 1696 1680 1736 gentibus

955 1756 1188 1794 opponatur,
1221 1751 1354 1783 evincit
1381 1750 1445 1782 vel
1473 1742 1561 1783 illud
1587 1753 1682 1784 Pro-

955 1808 1156 1849 pertianum
1179 1809 1230 1849 11,
1252 1808 1310 1849 25,
1333 1808 1387 1839 65.

1022 1881 1128 1911 Cedite
1145 1880 1272 1909 Romani
1289 1881 1464 1915 scriptores,
1475 1882 1573 1909 cedite
1588 1882 1687 1916 Graii;

1069 1923 1179 1953 Nescio
1198 1924 1269 1960 quid
1286 1924 1382 1952 maius
1399 1926 1535 1954 nascitur
1552 1927 1659 1955 Iliade.

957 1993 1039 2026 Vid.
1061 1994 1170 2026 Trist.
1192 1994 1242 2035 V,
1266 1994 1301 2036 7,
1322 1993 1376 2026 51.
1399 1997 1437 2027 et
1462 1995 1513 2028 11.
1530 2013 1569 2018 -
1583 1996 1684 2029 Leid.

958 2049 1092 2083 scierit
1113 2049 1275 2082 Graeca.

1004 2127 1058 2159 40.
1090 2126 1201 2159 Certe
1224 2126 1386 2159 Gratior
1408 2126 1515 2159 huius
1542 2126 1629 2169 erit,
1652 2130 1685 2161 h.

954 2190 991 2214 e.
1021 2182 1126 2214 certe
1153 2190 1230 2225 vox
1258 2181 1412 2223 gratior
1441 2181 1515 2214 erit
1537 2182 1686 2224 huius,

960 2235 1023 2277 qui
1051 2235 1187 2269 Latine
1216 2236 1320 2278 loqui
1347 2236 1488 2269 scierit.
1539 2238 1686 2270 Merkel

956 2291 1237 2331 interpretatur:
1247 2292 1412 2334 qratior,
1427 2301 1478 2324 sc.
1493 2301 1597 2333 quam
1608 2294 1685 2326 Ge-

958 2348 1075 2378 tarum
1092 2347 1231 2389 lingua,
1243 2350 1281 2379 et
1298 2346 1418 2388 huius,
1430 2349 1510 2379 sive
1522 2349 1686 2382 Graecus

957 2402 1036 2433 sive
1063 2402 1214 2435 Latinus
1242 2403 1363 2434 fuerit.
1412 2403 1619 2444 Pei-peram.
1642 2420 1687 2428 --

958 2457 1039 2498 Pal,
1063 2456 1094 2488 1.
1117 2460 1154 2489 et
1177 2458 1225 2499 2.,
1248 2459 1303 2489 111
1325 2458 1388 2489 alii
1403 2459 1526 2496 Heius.
1542 2461 1580 2491 et
1597 2463 1687 2492 vett.

959 2513 1053 2553 edd„
1076 2514 1225 2552 praeter
1248 2513 1400 2555 Bonon.,
1421 2513 1576 2554 ,qu-atior
1598 2524 1688 2547 usus

962 2565 1047 2602 erit.
1214 2558 1223 2561 ’

1007 2622 1177 2655 ceterum
1199 2624 1290 2655 ordo
1313 2623 1425 2656 totius
1446 2625 1520 2657 loci
1540 2634 1565 2658 a
1587 2637 1621 2659 v.
1634 2627 1686 2659 37.

963 2678 1021 2710 hic
1043 2679 1116 2710 est:
1138 2685 1256 2709 rarus
1278 2679 1408 2716 (enim)
1427 2681 1560 2713 navita
1581 2682 1628 2714 ab
1651 2682 1686 2713 n·-

962 2740 1036 2773 psa
1057 2731 1179 2763 Italia
1198 2741 1270 2774 per
1302 2733 1360 2766 tot
1379 2735 1508 2768 mar-ia
1529 2737 1568 2768 in
1590 2738 1689 2769 Ιιαπε

963 2785 1151 2828 reqionem
1182 2787 1389 2821 barbaram
1417 2791 1454 2822 et
1473 2790 1688 2840 importuo-

963 2850 1047 2876 sum
1068 2843 1157 2885 (IV,
1179 2843 1215 2886 4,
1237 2845 1307 2886 58„
1330 2846 1401 2888 111,
1423 2847 1459 2888 2,
1484 2846 1555 2885 11.)
1578 2847 1687 2879 venit.
