1846 3146
219 157 318 211 192

464 155 520 206 P.
561 155 788 207 0V1D11
822 157 1137 209 NASONIS
1172 158 1519 211 TRISTIUM

176 311 180 317 -
217 279 347 328 Nam
383 278 499 344 quid
534 281 584 327 in
617 278 912 346 Hippolyto,
948 283 1042 330 nisi
1061 297 1243 331 caecae
1259 284 1447 333 flamma
1463 283 1762 344 novercae?

284 361 489 411 Nobilis
525 367 602 411 est
638 360 837 422 Canace
872 363 1039 413 fratris
1074 380 1239 414 amore
1274 368 1364 415 sui.
1443 371 1446 374 ’

219 445 390 506 Quid?
425 460 524 494 non
557 444 866 505 Tantalides,
902 449 1120 511 agitante
1156 447 1390 513 cupidine
1424 463 1617 511 currus,
1660 449 1761 514 385

284 530 512 578 Pisaeam
546 527 783 594 Phrygiis
817 531 962 579 vexit
997 529 1209 579 eburnus
1245 530 1421 596 equis?

221 671 283 696 res
306 663 506 697 amatorias
530 663 718 696 continere
741 663 866 697 eadem
891 665 959 698 do-

220 719 362 752 ctrInae
377 720 484 761 copia
496 722 605 761 atque
616 720 773 753 artificio
797 728 818 752 e
837 721 958 754 Grae-

220 785 348 809 corum
388 777 588 818 tragoediis
627 776 797 808 ostendit.
857 774 958 817 Qua-

217 840 300 865 rum
322 835 536 874 argumenta
559 832 596 864 in
615 832 670 864 his
691 832 957 864 commentariis

219 887 271 920 ita
293 896 534 930 apponemus,
569 889 609 920 ut
643 887 829 919 materiam
850 895 957 920 ama-

220 944 354 976 tortam
398 944 512 985 magis
557 932 823 985 significemus,
854 951 958 984 quam

221 1000 374 1041 copiose
403 999 644 1041 explicemus,
674 999 770 1039 quod
802 999 959 1038 abesta

220 1057 350 1087 nostro
374 1054 578 1096 proposito.
633 1054 717 1087 Vid.
747 1056 794 1087 ad
822 1065 857 1087 v.
881 1056 958 1088 359.

218 1109 257 1143 et
279 1111 355 1143 554.
392 1111 469 1143 Iun.
501 1111 538 1142 et
568 1100 691 1142 Heius.
714 1111 769 1142 ed.
793 1114 849 1150 pr.
872 1108 958 1141 vin-

219 1164 489 1208 cit—scripti.
535 1165 636 1199 Leid.
661 1167 699 1197 et
711 1165 830 1198 Berol.
853 1164 957 1198 vicit.

264 1232 341 1264 383.
376 1231 628 1279 Hippolyta-3,
674 1220 957 1265 formosissimus

217 1287 348 1321 Thesei
369 1288 480 1330 filius,
504 1287 563 1329 qui
578 1295 601 1319 a
617 1288 783 1320 Phaedra
792 1294 958 1320 noverca

160 1387 163 1392 ἱ
217 1345 359 1376 amatus
385 1351 467 1376 cum
489 1342 630 1374 incesto
654 1342 731 1375 eius
752 1343 867 1375 amori
887 1344 955 1376 ob·-

217 1391 320 1441 sequi
362 1398 506 1440 nollet,
551 1397 648 1430 falso
683 1388 779 1439 apud
815 1401 957 1440 patrem

218 1453 337 1495 stupri
360 1453 491 1486 tentati
520 1452 565 1485 ab
595 1460 640 1485 ea
667 1457 862 1487 accusatus
885 1456 956 1497 est,

219 1511 258 1542 et
282 1517 389 1551 quum
412 1509 514 1540 huius
536 1508 628 1540 iram
655 1510 819 1552 fugeret,
843 1510 889 1542 ab
914 1518 956 1542 e-

219 1565 314 1608 quis,
347 1564 478 1598 Thesei
514 1565 684 1606 precibus
724 1573 749 1597 a.
786 1567 956 1608 Neptuno

219 1620 488 1662 consternatis,
525 1622 686 1654 deiectus
711 1628 732 1652 e
756 1629 869 1654 curru
891 1623 956 1654 ra-

216 1677 412 1720 ptatusque
424 1675 555 1708 misere
574 1676 694 1717 periit.
736 1677 955 1720 Sophocles,

215 1731 435 1782 Euripides,
467 1728 628 1772 Sopater
663 1732 845 1770 (Athenae
873 1734 955 1771 ΙΙΙ.)

215 1796 255 1827 et,
276 1789 503 1835 Lycophron
516 1786 632 1826 (Suid.
634 1787 651 1824 )
665 1788 735 1820 hoc
757 1796 955 1836 argumen-

216 1852 292 1883 tum
316 1849 352 1880 in
376 1844 576 1888 tragoediis
592 1845 813 1887 tractat-ant,
837 1853 857 1876 e
872 1845 954 1887 qui-

215 1907 282 1939 bus
316 1902 499 1945 Euripidis
531 1900 778 1942 Hippolytus,
814 1899 852 1932 in
883 1909 953 1942 quo

216 1963 283 1995 ille
304 1968 409 1994 amor
438 1957 623 2000 tangitur,
675 1956 793 1988 adhuc
823 1958 953 1988 exstat.

217 2017 302 2051 Vid.
325 2012 411 2048 Her.
434 2014 497 2047 IV.
520 2012 640 2055 ibique
653 2012 745 2054 not„
767 2012 856 2044 Met.
874 2012 956 2054 XV,

217 2073 295 2108 497.
319 2071 438 2112 ibique
467 2069 626 2110 interpp

263 2137 506 2180 Hyppolyto
496 2136 563 2168 est.
598 2122 661 2169 Sic
674 2134 802 2169 Dresd.
793 2155 819 2178 .,
832 2133 938 2167 Goth.
930 2155 956 2176 .,

219 2195 340 2242 Berol.
329 2217 357 2237 .‚
381 2191 527 2235 plurimi
549 2192 671 2226 Heius.
695 2193 732 2223 et
761 2192 851 2223 vett.
875 2190 954 2223 edd.

221 2268 264 2275 -
293 2251 372 2285 Pol.
403 2249 434 2283 1.
475 2250 513 2281 et
540 2248 673 2280 Franc.
713 2253 851 2279 caecae
887 2246 954 2279 est.

219 2307 300 2341 Pol.
324 2307 372 2349 2.,
395 2307 486 2347 Reg.
478 2324 503 2345 .,
526 2292 869 2346 Gall,se1'·v.,1x
892 2302 956 2335 alii

220 2363 342 2410 Heins.
334 2383 359 2404 .,
382 2362 462 2394 Bel.
486 2363 524 2394 et
548 2360 655 2394 Crev.
690 2359 750 2391 est
776 2359 955 2392 omittunt.

220 2407 385 2460 Deni11ue
413 2419 529 2459 Mon,
560 2423 639 2448 exc.
670 2415 803 2457 Voss.,
834 2415 871 2448 V
893 2415 956 2447 alii

220 2470 361 2515 Heius„
384 2474 474 2505 vett.
498 2473 577 2504 edd.
585 2493 600 2514 ,
635 2471 761 2513 Goth„
795 2471 892 2504 Busl.
917 2473 955 2504 et

221 2529 301 2563 Rel.
324 2536 480 2568 saevae,·
513 2536 587 2561 non
608 2527 719 2568 male,
749 2527 781 2559 si
813 2534 881 2570 per
913 2534 955 2559 se

220 2579 388 2626 sp‘ectes3
424 2584 490 2616 sed
521 2592 602 2616 cum
636 2590 753 2614 saeva
788 2590 956 2619 noverca

220 2647 332 2680 saepe
355 2639 450 2680 apud
473 2638 602 2680 poetas
624 2638 793 2680 legatur,
823 2645 845 2670 a
868 2631 956 2670 cor-

221 2696 371 2728 rectore
394 2696 517 2725 natum
540 2693 706 2735 videtur,
740 2694 799 2734 qui
822 2701 956 2726 caecus

223 2751 270 2782 de
291 2757 355 2792 eo,
377 2749 437 2791 qui
458 2757 596 2781 summo
610 2748 744 2780 affectu
757 2751 869 2790 amat,
891 2755 955 2780 re-

223 2808 284 2839 cte
307 2804 377 2837 dici
393 2805 594 2847 ignoraret.
606 2821 650 2826 —
664 2804 740 2837 Pal.
754 2805 803 2847 2.,
818 2797 956 2837 Bersm.

225 2863 263 2894 et
285 2860 341 2894 ed.
363 2860 508 2894 Vicent.
532 2867 701 2893 scaevae.

1069 664 1148 698 384.
1183 663 1343 708 Canace,
1388 665 1464 700 filia
1510 664 1633 710 Aeoli,
1679 676 1761 701 cum

1025 722 1202 754 Macareo
1223 722 1346 755 fratre
1368 723 1528 757 scelesto
1545 722 1693 757 indulsit
1716 732 1760 756 a-

1024 776 1118 807 mori
1161 784 1206 808 ex
1249 785 1364 820 eoque
1410 787 1564 819 puerum
1606 781 1759 821 peperit.

1025 829 1104 873 Quo
1126 832 1271 864 scelere
1301 833 1448 875 cognito
1479 835 1619 877 Aeolus
1649 836 1760 868 filiam

1025 889 1071 919 ad
1094 890 1247 927 mortem
1275 887 1346 921 sibi
1377 889 1601 923 inferendam
1627 892 1759 933 coegit.

1025 942 1222 974 Tractarat
1265 942 1359 976 illud,
1400 947 1673 989 argumentum,
1720 950 1761 980 ut

1024 998 1253 1041 grammatici
1299 999 1449 1041 docent,
1494 1000 1689 1042 Euripides
1723 1003 1759 1035 in

1025 1054 1158 1087 Aeolo.
1218 1054 1302 1088 Vid.
1333 1056 1481 1087 Barnes.
1517 1065 1559 1097 p.
1596 1056 1681 1089 444.
1703 1059 1759 1090 ed.

1025 1107 1199 1141 Cantabr.
1253 1107 1308 1141 De
1336 1105 1467 1154 'fabula
1495 1111 1568 1143 vid.
1596 1113 1693 1155 Hyg.
1718 1114 1759 1147 F.

1017 1165 1101 1202 238.
1131 1165 1208 1198 242.
1242 1165 1319 1198 243.
1370 1166 1457 1199 Her.
1487 1167 1570 1210 XL,
1606 1168 1761 1211 Dionys.

1024 1219 1105 1253 Hal.
1128 1221 1233 1254 Rhet.
1258 1230 1290 1254 c.
1314 1219 1366 1253 11.

1066 1285 1236 1328 Nobilis,
1266 1289 1427 1332 famosa3
1465 1295 1618 1333 namque
1643 1291 1681 1324 iu
1711 1300 1757 1324 u·-

1023 1344 1188 1383 tramque
1210 1343 1301 1376 illud
1324 1346 1475 1378 verbum
1499 1350 1642 1387 partem
1665 1347 1759 1380 dici-

1023 1400 1094 1430 tur.
1139 1400 1271 1432 Donat.
1300 1401 1347 1432 ad
1378 1403 1524 1435 Terent.
1544 1404 1687 1445 Hecyr.
1707 1405 1759 1446 V,

1022 1454 1060 1496 2,
1084 1453 1162 1496 31.,
1193 1453 1273 1487 Liv.
1304 1457 1467 1490 XXXIX.
1496 1467 1527 1491 c.
1551 1459 1585 1491 9.
1615 1474 1656 1482 --
1681 1458 1758 1492 Ca-

1023 1516 1156 1540 nacem
1197 1510 1479 1550 parturientem
1522 1514 1695 1546 saltatum
1735 1523 1760 1547 a

1023 1565 1172 1598 Nerone
1203 1567 1314 1599 tradit
1347 1568 1447 1600 Suet.
1470 1568 1507 1601 in
1534 1571 1622 1603 Ner.
1644 1579 1677 1603 c.
1701 1570 1756 1615 ‚2¹-

1068 1642 1143 1675 385.
1179 1641 1393 1685 Quia,non.
1420 1628 1641 1689 'Amor.11,*
1665 1647 1700 1689 9,
1723 1647 1757 1679 7.

1089 1705 1178 1740 Quid,
1201 1713 1262 1753 non
1293 1705 1487 1743 Haemonius,
1517 1715 1604 1745 quem
1631 1709 1756 1746 cuspide

1420 1747 1563 1788 perculit,
1579 1753 1671 1782 heros

1139 1795 1319 1833 Confossum
1344 1796 1462 1830 medica
1492 1799 1652 1832 postmodo
1678 1799 1758 1830 iuvit

1411 1841 1501 1878 ope?
1698 1868 1700 1871 ,

1023 1897 1130 1941 Quid,
1151 1907 1228 1932 non
1251 1900 1421 1942 exhibent
1441 1902 1519 1935 Pol.
1545 1902 1592 1946 1.,
1620 1904 1754 1944 Frauc.

1022 1958 1059 1987 et
1087 1956 1234 1999 plurimi
1265 1957 1403 1999 Heius„
1437 1958 1756 2001 Guels„D1-esd..,

1023 2011 1144 2063 Rern„
1169 2013 1294 2054 Crev„
1317 2014 1417 2055 Seg„
1440 2013 1521 2051 Bel.
1542 2030 1586 2038 —
1607 2014 1684 2046 Pal.
1707 2013 1755 2056 1.,

1022 2064 1102 2096 Pol.
1126 2066 1174 2107 2.,
1197 2067 1356 2110 Pirckh„
1379 2070 1467 2108 V111
1489 2068 1550 2110 alii
1572 2070 1692 2109 Heius.
1717 2073 1755 2103 et

1023 2119 1181 2153 eiusdem
1205 2123 1259 2154 ed.
1284 2132 1355 2165 pr,
1378 2124 1514 2167 BeroL,
1538 2126 1594 2156 ed.
1617 2126 1754 2158 Bonon.

1023 2174 1114 2218 qaid
1146 2174 1232 2208 nisi.
1290 2178 1396 2210 Goth.
1426 2178 1519 2221 quid
1543 2178 1595 2211 m'.
1653 2181 1756 2214 Vett.

1023 2233 1101 2265 edd.
1124 2234 1275 2273 praeter
1297 2235 1434 2267 Bonon.
1457 2238 1494 2267 et
1506 2237 1559 2268 ed.
1571 2245 1626 2277 pr.
1639 2238 1754 2269 Hein-

1022 2288 1066 2321 sii
1089 2288 1180 2331 qaid
1201 2298 1299 2323 num.
1332 2306 1376 2313 —
1410 2291 1566 2334 Bersm.,
1595 2292 1671 2324 Pal.
1706 2293 1754 2334 2.,

1022 2347 1116 2379 Mor.
1141 2354 1209 2387 pro
1232 2355 1267 2378 v.
1290 2354 1362 2377 scr.
1393 2343 1477 2386 quis
1505 2345 1590 2379 nisi.
1645 2349 1751 2380 Serv.

1023 2401 1113 2444 quid
1133 2409 1243 2433 nunc.
1287 2401 1382 2434 Busl.
1407 2410 1481 2433 non
1505 2401 1604 2443 quid.
1650 2402 1752 2435 Leid.

1022 2465 1168 2490 cursus.
1213 2458 1298 2497 Seg.
1319 2455 1504 2498 flammas.
1535 2473 1578 2480 -
1606 2458 1651 2490 V.
1675 2459 1751 2491 386.

1022 2513 1142 2548 Guelf.
1166 2511 1372 2545 Pisedeam.
1417 2511 1495 2544 Pol.
1520 2510 1550 2544 1.
1574 2514 1611 2544 et
1633 2512 1667 2550 11
1688 2512 1754 2545 alii

1022 2570 1143 2604 Heius.
1167 2566 1360 2601 Pisidiam.
1395 2566 1471 2600 Pal.
1494 2566 1526 2600 2.
1549 2566 1751 2600 Pisediam.

1023 2625 1130 2659 Serv.
1155 2622 1357 2658 Piscidam.

1070 2689 1303 2731 Tantalides,
1325 2690 1471 2730 PelopS,
1487 2689 1581 2722 filius
1592 2687 1752 2729 Tantali,
1780 2716 1793 2727 ,

1021 2746 1120 2788 regis
1150 2746 1358 2788 Phrygiae,
1395 2745 1488 2777 unde
1521 2743 1753 2786 Phrygiis—-

1024 2800 1139 2844 equis.
1169 2818 1213 2825 -
1241 2800 1416 2833 Tantalus
1452 2807 1531 2832 cum
1561 2801 1648 2832 deos
1678 2800 1750 2832 ali-

1023 2857 1167 2898 quando
1178 2855 1358 2890 ⁴convivio
1374 2854 1593 2898 excepisset,
1615 2855 1751 2888 vellet-
