1846 3146
240 189 339 241 102

493 190 552 241 P.
589 190 812 241 OVIDII
846 188 1161 242 NASONIS
1196 188 1538 245 TRISTIUM

707 365 1050 433 rinnau
1096 369 1289 415 vm.

279 477 312 512 A
341 478 467 511 vetere
489 478 651 520 quodam
673 479 813 522 amico,
844 489 869 512 a
898 488 971 523 quo
1001 489 1107 522 opem
1139 482 1206 514 aut
1239 482 1376 514 saltem
1397 480 1573 531 solatium
1594 482 1634 515 in
1652 485 1766 515 cala-

321 532 466 566 mltos-is
500 535 625 567 emilii
655 535 885 577 temporibus
914 538 1184 579 emspectarat,
1215 546 1294 569 sese
1321 537 1538 570 destitutum
1564 539 1676 579 atque
1698 546 1766 568 ne-

320 590 482 630 ylectum
507 600 584 622 esse
607 592 802 633 queritur,
827 593 863 624 et
886 591 1064 625 duritiem
1081 593 1159 625 eius
1178 593 1347 634 accusat,
1368 593 1629 634 precaturque
1650 593 1695 625 ut
1716 593 1768 626 ad

321 644 515 686 antiquam
533 645 648 688 fidem
669 648 814 681 redeat.

230 743 287 794 In
323 748 468 810 eaput
500 745 601 794 alta
634 763 771 796 suum
803 746 1030 795 labentur
1063 746 1124 796 ab
1159 762 1372 812 aequore
1404 752 1539 797 retro

292 825 532 889 Flumina,
570 832 826 879 conversis
861 827 1052 893 Solque
1086 834 1307 880 recurret
1340 833 1503 896 equis3

227 909 388 958 Terra
420 909 549 960 feret
581 913 771 973 stellam,
808 911 1000 962 eoelum
1035 913 1246 962 findetur
1281 919 1461 975 aratro,

256 973 436 1044 'blnda
471 994 606 1044 dabit
639 996 850 1046 flammas
883 1002 934 1047 et
968 996 1103 1046 dabit
1135 998 1265 1061 ignis
1299 1012 1479 1061 aquas·
1466 1031 1479 1056 ,

225 1075 397 1126 Omnia
428 1083 630 1127 naturae
662 1085 985 1146 praepostera
1017 1079 1212 1144 legibus
1246 1078 1399 1140 ibunt,
1675 1141 1677 1143 ι
1723 1082 1755 1130 5

290 1161 517 1226 Parsque
551 1179 690 1232 suum
723 1163 887 1212 mundi
921 1162 1058 1212 nulla
1091 1162 1279 1212 tenebit
1311 1163 1434 1224 iter3

226 1242 399 1294 Omnia
432 1246 526 1293 iam
559 1245 702 1305 fient,
738 1247 844 1295 fieri
881 1262 1003 1312 quae
1036 1234 1186 1311 posse
1220 1244 1476 1309 negabam,

288 1327 357 1375 Et
391 1327 513 1380 nihil
549 1334 652 1390 est,
690 1329 754 1378 de
790 1346 884 1394 quo
918 1346 1016 1378 non
1051 1331 1117 1380 sit
1150 1326 1381 1377 habenda
1414 1327 1555 1377 fides.

218 1410 361 1460 Haee
395 1426 491 1475 ego
526 1414 799 1474 vaticinor,
837 1415 949 1478 quia
982 1430 1087 1461 sum
1122 1410 1359 1477 deeeptus
1393 1411 1455 1461 ab
1490 1411 1602 1474 illo,
1629 1415 1634 1420 ’

282 1493 517 1543 Laturum
551 1497 728 1544 misero
764 1511 903 1561 quem
936 1495 1051 1544 mihi
1084 1494 1230 1543 rebar
1264 1508 1419 1560 opem.

1693 1467 1759 1546 lo

218 1576 446 1627 Tantane
483 1583 548 1638 te,
588 1578 773 1638 sallem,
810 1593 988 1644 cepere
1025 1577 1215 1627 oblivia
1246 1578 1419 1638 nostri,

284 1656 637 1726 Afflietumque
671 1661 765 1710 fuit
799 1666 961 1710 tantus
995 1659 1135 1710 adire
1167 1658 1344 1727 pudor,

430 1796 611 1831 ELEGIA
634 1798 734 1830 Vm.

259 1873 292 1907 1.
325 1873 376 1906 In
399 1875 528 1915 caput.
575 1876 743 1909 InductIo
781 1886 804 1914 a
827 1878 952 1920 rebus,

213 1936 307 1970 quae
330 1929 410 1962 fieri
431 1933 624 1971 nequeunt.
669 1931 869 1973 Vid.Pont.
883 1933 951 1975 IV,

212 1985 249 2027 6,
272 1985 327 2017 46.
385 1983 436 2016 In
459 1985 578 2025 caput
598 1994 718 2027 suum,
742 1987 787 2019 ad
811 1988 951 2021 fontem

211 2047 325 2071 suum.
344 2039 482 2073 Eodem
493 2041 600 2073 modo
614 2041 732 2082 caput
741 2042 784 2074 de
798 2043 950 2075 fluminis

213 2094 370 2136 origine,
400 2095 524 2138 fonte,
555 2098 612 2128 est
641 2099 738 2138 apud
769 2099 858 2135 Hor.
884 2098 949 2136 Od.

199 2150 244 2192 Ἰ,
270 2150 304 2192 1,
327 2151 382 2184 22.
407 2150 459 2182 acl
487 2158 609 2192 aquae
639 2152 722 2184 lene
744 2152 860 2193 caput
881 2161 948 2184 sa-

211 2214 314 2241 crae.
359 2206 532 2240 Vid.'1·ib.
557 2209 589 2250 Ι,
604 2208 639 2250 7,
652 2209 723 2250 23.,
749 2208 903 2243 Mela-11.
917 2217 947 2243 c.

211 2262 261 2304 2.,
282 2263 389 2304 VIrg.
413 2262 456 2295 G.
480 2262 560 2305 IV,
591 2263 682 2306 368„
712 2263 868 2305 interpp.
901 2265 948 2297 ad

210 2317 316 2358 Virg.
341 2318 383 2349 G.
407 2318 476 2360 IV,
500 2318 592 2359 319„
617 2319 780 2351 Gronov.
804 2320 850 2353 ad
877 2319 948 2351 Se-

211 2380 292 2409 nee,
326 2373 423 2411 Med.
459 2382 496 2408 v,
533 2373 635 2415 631„
669 2374 727 2415 qui
761 2374 870 2406 etiam
891 2366 947 2406 de

209 2429 310 2461 exitu
349 2429 386 2462 in
420 2436 522 2460 mare
563 2419 683 2470 caput
722 2430 792 2461 dici
827 2430 946 2464 docet.

210 2484 316 2519 Conf,
341 2484 446 2517 Caes.
478 2485 515 2521 B.
540 2485 582 2519 G.
606 2486 670 2519 IV.
695 2494 725 2517 c.
751 2486 803 2517 10.
854 2485 947 2518 Alta

211 2540 295 2581 quia
331 2540 447 2572 minus
478 2541 655 2573 credibile
686 2542 741 2573 est
770 2549 814 2572 ea
843 2545 944 2574 retro

210 2604 292 2633 esse
313 2595 474 2636 lapsura.
530 2598 617 2630 Hor.
649 2596 715 2630 Od.
745 2599 777 2643 Ι,
806 2598 864 2640 29,
891 2598 943 2635 10,

274 2685 356 2694 ,--
373 2670 446 2703 Quis
464 2674 557 2707 neget
574 2672 677 2700 arduis

274 2715 389 2747 Pronus
408 2715 503 2742 relabi
522 2723 613 2751 posse
631 2715 715 2746 rivos

324 2759 479 2788 Montibus
497 2774 530 2779 —-

209 2831 290 2864 Vid.
324 2832 368 2862 de
395 2831 466 2863 hae
497 2831 656 2864 dictione
686 2832 752 2865 Ov.
783 2831 869 2863 Her.
892 2830 942 2870 V,

209 2887 280 2928 3⁰„
301 2887 404 2921 Pout.
445 2888 501 2931 11,
532 2887 575 2929 4,
605 2888 674 2930 25,,
705 2888 773 2928 IV,
803 2889 839 2928 5,
873 2886 942 2929 «11.,

1016 1795 1104 1827 Met.
1126 1794 1226 1836 xm,
1239 1791 1331 1835 324„
1345 1783 1446 1836 nv.
1459 1793 1529 1836 38„
1540 1793 1630 1838 nor.
1640 1792 1755 1841 Epogl.

1018 1850 1086 1892 16,
1117 1850 1188 1891 24„
1219 1850 1329 1890 Prop.
1358 1849 1391 1891 1,
1425 1847 1484 1892 15,
1510 1848 1588 1892 29„
1621 1850 1671 1892 11,
1696 1846 1755 1894 12,

1017 1906 1069 1937 33.
1078 1927 1092 1947 ,
1123 1906 1191 1947 ΙΠ,
1222 1904 1286 1947 17,
1321 1906 1377 1948 5.,
1398 1904 1539 1938 Erasm.
1567 1906 1683 1948 Adag.
1717 1915 1752 1947 p.

1015 1959 1107 2002 ⁷19„
1129 1959 1255 2000 Eurip.
1277 1961 1374 2002 Med.
1403 1958 1445 1993 vl
1470 1959 1548 1992 41⁰.
1572 1962 1612 1993 et
1633 1958 1753 1994 Phoe-

1014 2015 1101 2046 niss.
1126 2024 1162 2046 v.
1187 2015 1241 2047 85.
1266 2031 1309 2037 —-
1330 2015 1464 2048 Frane.
1492 2014 1706 2048 volventur.

1059 2081 1092 2112 2.
1125 2079 1336 2121 Recurrat,

1014 2137 1069 2169 De
1093 2136 1191 2168 solis
1215 2144 1326 2168 curru
1349 2138 1388 2169 et
1409 2137 1509 2178 equis
1528 2137 1647 2170 omnia
1661 2146 1752 2179 per-

1013 2191 1177 2232 vulgata.
1228 2191 1482 2224 Nobilissimus
1506 2193 1564 2224 est
1584 2191 1690 2226 loeus
1711 2194 1750 2226 in
1797 2197 1801 2201 ’

1013 2247 1103 2282 Met.
1124 2248 1171 2278 Π.
1192 2246 1271 2280 init.
1316 2246 1421 2281 conf.
1444 2249 1477 2290 Ι,
1499 2248 1536 2290 3,
1561 2247 1631 2282 28..

1058 2313 1090 2344 3.
1123 2311 1264 2354 Feret,
1303 2315 1343 2346 ut
1372 2307 1517 2347 coelum
1549 2313 1677 2350 ean-h
1701 2322 1750 2347 >se·

1015 2367 1144 2400 affixas
1169 2370 1277 2410 atque
1298 2378 1495 2411 suspensas
1517 2371 1620 2404 ferre
1638 2371 1748 2403 vide-

1013 2424 1084 2455 tur.
1150 2424 1223 2456 Pro
1256 2421 1578 2470 findetur-Leia,
1598 2462 1601 2468 ,
1623 2427 1747 2468 Rem,

1014 2480 1143 2514 Dresd.
1173 2488 1242 2520 pro
1272 2490 1307 2513 v.
1329 2489 1418 2523 scr.,
1441 2482 1564 2523 Serv.‚
1584 2479 1747 2524 pirckh„

1011 2535 1133 2577 Bus1.‚
1164 2535 1300 2578 Berol„
1331 2537 1385 2569 ed.
1416 2535 1586 2572 (ἕνεκα
1609 2537 1746 2569 Bonon.

1011 2589 1219 2622 scindetur.
1265 2591 1348 2624 Vid.
1372 2592 1448 2623 not.
1471 2591 1517 2622 ad
1539 2592 1571 2632 Ι,
1594 2589 1630 2632 4,
1652 2590 1685 2622 3.
1703 2606 1745 2612 —

1054 2656 1086 2689 4.
1120 2655 1175 2688 Et
1192 2655 1307 2689 dabit.
1343 2658 1399 2691 De
1409 2657 1628 2700 repetitione
1638 2657 1744 2689 verbi

1381 2080 1560 2113 orientem
1598 2090 1752 2116 ,vel-sus.

1009 2712 1080 2743 vid.
1105 2715 1179 2744 not.
1204 2713 1249 2746 ad
1272 2713 1339 2754 ΠΙ,
1363 2712 1398 2754 1,
1421 2714 1476 2746 53.
1491 2730 1533 2736 -
1550 2713 1596 2746 V.
1619 2713 1651 2745 6.
1671 2712 1744 2744 Be-
1777 2711 1805 2731 ·'

1008 2767 1079 2800 rol.
1102 2768 1211 2799 nulla
1232 2764 1396 2808 neyhbit.

1053 2833 1105 2865 11.
1141 2831 1294 2873 Cepere.
1338 2832 1418 2866 Bel.
1441 2841 1465 2865 a
1488 2832 1518 2866 1.
1544 2842 1588 2868 m.
1609 2836 1646 2866 et
1664 2833 1743 2867 Pol.

1008 2888 1039 2922 2.
1061 2888 1223 2922 tenuere.
1270 2890 1417 2924 Lucret.
1431 2890 1475 2922 11.
1517 2895 1521 2907 ¹
