1846 3146
163 215 171 225 “
189 210 288 261 228

435 209 491 259 Ρ.
528 207 750 262 0V1D11
784 202 1099 257 NASONIS
1134 200 1478 254 TRISTIIJM

191 333 309 383 Non
343 347 438 397 ego
471 330 687 381 mordaci
723 328 963 378 destrinxi
997 327 1207 377 carmine
1242 338 1523 390 quenquam,

257 416 310 465 N
313 431 371 464 ec
403 430 537 464 meus
570 413 720 462 ullius
755 413 953 460 crimina
985 425 1162 459 versus
1195 406 1368 457 habet:

194 497 448 549 Candidus
483 513 512 544 a
545 495 730 545 salibus
762 494 959 560 suffusis
993 492 1115 541 felle
1149 489 1335 553 refugi3

260 580 416 630 Nulla
447 583 691 629 venenato
725 576 871 625 litera
904 577 1054 624 mixta
1085 575 1197 622 ioco
1237 576 1327 620 est.

193 666 329 714 Inter
358 669 431 712 tot
464 662 650 730 populi,
685 665 759 709 tot
790 661 960 726 scripti
992 656 1144 706 millia
1179 655 1349 715 nostri,

261 747 414 808 Quem
445 761 552 795 mea
586 742 816 810 Calliope
848 742 1066 802 laeserit,
1100 755 1223 788 unus
1258 752 1368 802 ego.
1408 807 1410 811 .

313 894 446 923 obrutus
480 891 596 921 insanis
631 895 714 921 esset
739 891 860 920 adulter
892 897 927 918 a·

614 944 678 965 uls:

262 983 329 1013 Non
347 990 404 1018 ego
424 983 546 1011 deserto
570 945 731 1010 iaqouissem
749 977 862 1014 frigida
879 976 926 1004 le-

593 1026 641 1052 cto

312 1070 376 1099 Nec
410 1077 555 1105 quererer
571 1095 577 1099 ,
594 1043 698 1096 tal-(ios
739 1065 785 1094 ire
818 1064 927 1093 relicta

596 1112 672 1141 dies.

199 1170 387 1224 Quantum
413 1181 602 1225 nector-53,
633 1179 755 1224 animi,
779 1180 928 1222 spiritus

198 1241 245 1274 ad
268 1240 438 1273 carmina.

242 1319 318 1351 562.
352 1319 452 1352 vett.
474 1318 552 1350 edd.
576 1317 753 1360 quodque.

243 1408 321 1440 563.
344 1403 556 1440 Destrinaeae'.
601 1404 928 1439 Plrckh.distinoei.

199 1465 285 1497 Vat.
307 1464 364 1505 2.,
390 1461 469 1505 Pal.
491 1453 546 1503 2.,
580 1462 702 1504 Serv„
732 1461 831 1494 Leid.
857 1461 928 1494 de-

198 1517 330 1552 stinoei.
375 1517 497 1549 Berol.
513 1515 702 1564 destruoei.
740 1518 837 1551 Gall.
849 1517 929 1559 dif-

197 1573 295 1619 fust‘.
347 1575 413 1608 Ed.
440 1575 579 1606 Bonon.
611 1571 770 1605 detrusi.
830 1574 929 1605 Unus

201 1631 322 1665 Heius.
346 1633 384 1663 et
406 1631 535 1662 Dresd.
558 1637 626 1670 pro
645 1626 932 1660 v.scr.detra.z·i

202 1685 442 1728 —cuiquam,
463 1693 483 1717 e
505 1685 642 1726 glossa.
688 1684 808 1726 Goth„
822 1684 931 1717 Grev.

164 1755 166 1757 >
202 1745 241 1775 et
294 1741 442 1783 plurimi
500 1739 689 1773 Heinsiani
740 1737 933 1772 distrinoei.

201 1798 347 1838 Dresd.,
370 1796 466 1838 ReL,
489 1797 597 1837 pauci
619 1795 756 1828 Heinsii
782 1797 820 1827 et
841 1796 931 1827 vett.

202 1853 282 1884 edd.
324 1850 523 1884 destrinxi.
594 1849 764 1884 Difficile‘
797 1852 853 1882 est
896 1848 932 1881 in

204 1909 308 1940 tanta
336 1907 567 1938 similitudine
588 1906 797 1946 scripturae
820 1908 857 1937 et
878 1903 932 1936 si-

202 1961 459 2003 gnificationiS,
481 1965 581 2004 utra,
603 1962 720 1993 destr.
744 1969 791 1992 an
809 1959 934 2001 dis-tr„

204 2025 295 2050 vera
314 2017 363 2049 sit
382 2017 568 2059 scriptura
593 2018 796 2055 affirmare3
818 2022 933 2055 quan-

205 2082 310 2114 quam
331 2081 445 2114 supra
466 2082 501 2106 v.
524 2073 600 2106 466.
624 2078 764 2114 quoque
795 2072 851 2102 est
873 2068 934 2102 di-

205 2127 376 2161 strictus.
431 2152 438 2154 >

248 2218 325 2250 565.
366 2215 401 2250 A
444 2216 587 2249 salibus
638 2204 791 2258 suffusi-k
831 2214 936 2257 felle.

206 2273 284 2304 Put.
318 2280 341 2304 a
360 2272 405 2304 ⁸2.
440 2281 507 2316 m.‚
539 2274 656 2314 Mon,
700 2279 778 2303 exc.
813 2271 937 2311 Voss„

206 2329 308 2370 1un.,
343 2327 467 2370 Leid.,
500 2329 536 2361 V
566 2327 627 2359 alii
649 2327 795 2369 Heius„
817 2327 936 2367 Rem,

205 2382 329 2425 Crev.,
351 2384 473 2415 Berol.
495 2382 669 2425 suffusos.
717 2381 841 2414 Hamb.
865 2388 887 2412 a
906 2379 936 2412 1.

205 2445 250 2469 m.
275 2446 300 2468 a
322 2436 433 2469 mimo
457 2439 499 2479 (a
521 2446 656 2478 cori-..a
671 2435 841 2474 minimo)
852 2434 937 2477 suf-

203 2491 322 2533 fusos.
369 2494 424 2525 111
455 2492 519 2525 alii
546 2493 668 2525 Heius.
698 2500 724 2523 a
744 2489 870 2523 nimio.
895 2506 937 2512 —

205 2548 316 2579 sales
343 2544 476 2590 suffu'st'
501 2548 595 2591 felle
632 2548 765 2580 dietum
807 2549 862 2580 est
899 2547 939 2578 ut

204 2601 334 2644 infusa
356 2602 501 2635 lumina
524 2603 604 2636 oleo
628 2602 820 2643 Henxxl,
845 2601 937 2642 159„

206 2655 330 2688 olivas
361 2657 396 2689 et
435 2648 573 2700 napos>
595 2658 701 2689 aceto
739 2657 939 2701 infundere

207 2711 399 2746 Columell.
430 2715 475 2746 de
507 2715 552 2746 R.
583 2714 627 2745 R.
655 2713 735 2745 XII.
766 2721 797 2746 c.
829 2712 882 2745 47.
907 2713 937 2744 6.

206 2768 288 2801 vid.
311 2770 386 2801 not.
410 2770 457 2801 ad
479 2771 565 2802 Her.
589 2769 614 2801 1.
637 2769 663 2801 1.

250 2838 308 2871 Ad
337 2835 554 2869 sententiam
582 2833 743 2876 pertinet
771 2833 862 2866 Plin.
885 2832 937 2865 Ε-

206 2892 287 2934 pist.
324 2893 388 2924 111.
422 2890 478 2924 21.
520 2891 565 2922 de
603 2888 777 2923 Martiale
809 2886 937 2929 poeta:

994 890 1083 926 erat
1107 889 1215 921 homo
1248 885 1480 930 ingeniosus,
1511 885 1657 927 acutus,
1687 885 1726 918 et

993 944 1057 988 qui
1077 943 1283 987 plurimum
1304 941 1343 974 in
1364 941 1564 974 scribendo
1597 941 1635 973 et
1655 949 1722 972 sa-

993 1000 1042 1032 lis
1063 999 1219 1031 haberet
1240 999 1278 1031 et
1295 996 1422 1040 fellis,
1449 1003 1518 1029 nec
1545 994 1725 1028 candoris

993 1054 1126 1088 minus.
1170 1056 1274 1087 Pont.
1298 1054 1367 1096 IV,
1389 1053 1426 1095 4,
1449 1052 1502 1086 44.

1060 1130 1131 1161 Tam
1149 1128 1223 1157 felix
1241 1128 1373 1163 utinam,
1399 1135 1487 1164 quam
1509 1130 1633 1167 pettore
1651 1134 1724 1155 can-

1390 1172 1490 1207 didus,
1510 1179 1624 1202 essem:

1109 1218 1219 1247 Exstat
1259 1217 1358 1246 adhuc
1390 1224 1479 1245 nomo
1515 1217 1636 1248 saucius
1672 1223 1725 1246 ore

1388 1268 1455 1290 meo

996 1300 1048 1333 Ib.
1073 1309 1107 1333 v.
1132 1300 1152 1333 1
1164 1317 1207 1323 —
1219 1299 1252 1332 4.

1062 1374 1191 1410 Tempus
1217 1374 1257 1403 ad
1281 1374 1341 1402 hoc
1364 1373 1470 1402 lustris
1492 1372 1540 1400 bis
1563 1371 1623 1400 iam
1655 1368 1726 1398 mihi

1387 1418 1520 1455 quinque
1537 1416 1670 1453 peractis

1111 1464 1206 1492 Omne
1239 1462 1298 1492 fuit
1325 1462 1432 1492 Musae
1460 1468 1582 1490 carmen
1611 1459 1726 1488 inerme

1389 1513 1495 1540 meae3

1059 1551 1218 1589 Nullaque,
1237 1559 1313 1589 quae
1331 1551 1438 1587 possit,
1452 1549 1574 1584 scriptis
1592 1549 1638 1576 tot
1655 1547 1725 1575 mil-

1391 1595 1482 1628 libus,
1503 1595 1603 1622 exstat

1112 1640 1215 1670 Litora
1242 1639 1383 1678 Nasonis,
1404 1637 1637 1674 sanguinolenta
1654 1636 1727 1671 legi.

997 1712 1042 1745 v.
1067 1712 1144 1744 566.
1178 1711 1284 1744 narb.
1307 1696 1454 1750 vineta,
1484 1707 1577 1740 anns
1606 1705 1729 1738 uetus.

996 1764 1138 1799 iuncta.
1183 1767 1318 1799 Bersm.
1340 1766 1455 1798 nuda.
1484 1768 1487 1775 '
1507 1762 1609 1796 Leid.
1633 1763 1671 1793 et
1692 1760 1729 1793 V

999 1821 1063 1853 alii
1084 1821 1206 1855 Heius.
1228 1823 1323 1855 loco.
1367 1823 1451 1863 seg.
1474 1821 1511 1852 et
1533 1817 1654 1851 Berol.
1673 1815 1731 1848 est

1001 1877 1179 1924 omittunt.

1044 1945 1120 1977 567.
1153 1946 1309 1986 Ber-sm„
1337 1944 1444 1975 Rern.
1481 1944 1519 1975 et
1551 1940 1630 1974 nel.
1661 1947 1729 1980 pro

1001 2010 1037 2033 v.
1058 2009 1130 2032 scr.
1155 1999 1257 2032 inter
1288 1999 1344 2031 tot
1368 1999 1544 2038 populos.
1598 1995 1675 2028 Pal.
1700 1992 1730 2024 1.

1002 2055 1059 2086 tot
1079 2053 1297 2096 scriptaque
1318 2052 1452 2085 millia.
1504 2052 1582 2085 Pal.
1611 2051 1645 2083 2.
1677 2049 1733 2081 tot

1001 2109 1150 2149 scripta
1193 2107 1326 2140 millia.
1377 2124 1422 2131 ——
1467 2105 1732 2143 concinnitatis

1001 2165 1158 2197 studium
1188 2163 1318 2195 iterum
1347 2163 1490 2204 peperit
1526 2161 1733 2196 obscurita-

1003 2222 1086 2253 tem.
1143 2218 1268 2257 Inter,
1292 2220 1332 2250 ut
1353 2220 1456 2251 recte
1478 2219 1600 2250 monet
1629 2216 1734 2257 Iahn,

1004 2275 1138 2317 duplici
1161 2274 1380 2316 significatu,
1403 2273 1529 2314 priore
1555 2274 1641 2306 loco
1664 2280 1734 2313 pro

1002 2329 1104 2362 inter
1126 2329 1164 2362 vi
1185 2330 1337 2371 propria
1367 2328 1428 2360 vel
1450 2326 1502 2370 in,
1524 2327 1733 2370 posteriore

1003 2395 1071 2427 pro
1095 2385 1202 2418 intra
1223 2384 1287 2418 vel
1316 2382 1424 2415 intra
1446 2382 1609 2423 spatium
1632 2380 1734 2413 acci-

1003 2442 1185 2484 piendum,
1217 2449 1262 2473 ac
1290 2447 1417 2472 seusus
1445 2440 1503 2471 est
1523 2438 1666 2478 integer
1688 2442 1734 2466 ac

1003 2498 1152 2539 planus:
1177 2505 1260 2529 cum
1284 2497 1347 2528 tot
1362 2490 1583 2526 sint'millia
1601 2486 1737 2530 populi

1006 2553 1044 2585 et
1061 2553 1124 2585 tot
1144 2551 1269 2584 millia
1299 2547 1438 2591 scripti
1465 2543 1591 2580 nostri
1619 2543 1670 2582 (h.
1702 2551 1733 2575 e.

1004 2615 1175 2640 versuum
1203 2609 1436 2647 nostrorum,
1471 2605 1534 2644 ut,
1570 2599 1603 2632 si
1636 2598 1738 2631 noxii

1003 2664 1179 2706 fuissent,
1212 2662 1324 2695 facile
1354 2666 1491 2693 nocere
1521 2657 1643 2690 multis
1665 2666 1736 2698 po-
1795 2651 1799 2655 ”

1005 2720 1191 2761 tuissent),
1227 2725 1292 2760 eqo
1320 2723 1418 2748 unus
1449 2722 1476 2746 a
1503 2713 1618 2745 Musa
1650 2720 1735 2745 mea
1780 2707 1807 2726 ·’

1004 2776 1129 2807 laesus
1153 2781 1245 2805 sum.
1290 2773 1372 2805 vid.
1396 2769 1464 2812 IV,
1486 2769 1523 2810 8,
1548 2767 1601 2801 11.

1049 2830 1182 2870 Tanaq.
1205 2828 1325 2861 Faber
1346 2825 1460 2867 EpIst.
1484 2825 1513 2857 Ι.
1537 2823 1591 2856 37.
1610 2819 1737 2855 conie-

1005 2883 1072 2917 cit:
