1846 3146
169 174 286 238 ’468

444 186 502 237 Ρ.
538 187 761 239 ovmn
794 182 1112 241 NASONIS
1147 190 1490 257 Tms'lssnnu

185 309 379 374 Lingua
412 308 589 359 favens
624 310 769 372 adsit,
804 316 1078 362 nostrorum
1111 313 1265 363 oblita
1297 314 1553 381 malorum,
1678 315 1711 366 5

254 391 405 452 Quae,
440 398 573 458 puto,
612 393 851 444 dedidicit
883 397 977 444 iam
1009 396 1138 446 bona
1170 396 1326 447 verba
1358 397 1520 462 loqui3

187 474 421 539 Quaeque
456 475 608 524 semel
641 482 747 525 toto
782 481 941 528 vestis
974 479 1090 528 mihi
1123 482 1324 530 sumitur
1356 496 1499 543 anm,

253 556 483 607 Sumatur
516 558 631 607 fatis
666 559 887 611 discolor
920 561 1034 611 alba
1067 565 1214 624 meis;

185 640 389 706 Araque
423 644 670 706 gramineo
704 643 881 693 viridis
918 644 981 693 de
1016 648 1202 712 cespite
1235 646 1335 707 fiat,

250 724 319 774 Et
352 725 491 775 velet
523 724 717 791 tepidos
750 742 881 776 nexa
915 743 1098 778 corona
1130 729 1287 779 focos.
1308 724 1320 738 '
1646 729 1713 779 10

185 873 420 909 librariorum
443 874 603 908 inventis
626 875 696 909 hoc
716 877 800 910 loco
812 878 918 911 mini-

185 938 243 963 me
265 931 382 963 simile
404 931 559 963 videtur.
605 931 659 963 De
677 932 851 966 liberiore
873 943 918 966 u—

184 995 228 1020 su
250 986 596 1028 plusquamperfecti
617 988 713 1028 apud
735 987 918 1021 Nasonem

186 1042 338 1078 diximus
367 1044 413 1075 ad
434 1043 503 1084 111,
524 1043 581 1085 12,
603 1043 674 1084 25„
696 1045 734 1075 et
757 1045 801 1076 de
825 1052 917 1077 con-

184 1098 390 1130 structIone
412 1099 578 1131 adverbii
594 1098 734 1140 forsan
757 1105 836 1130 cum
858 1097 916 1130 in-

185 1153 344 1186 dicativo
374 1154 446 1186 vid.
471 1155 516 1185 ad
538 1151 612 1195 {rV,
643 1153 680 1195 2,
704 1153 734 1185 3.
791 1152 916 1186 Laetr-

186 1207 263 1241 tius
284 1209 395 1241 heros
424 1211 481 1241 est
510 1209 650 1250 Ulixes,
679 1207 774 1240 filius
795 1209 917 1241 Laer-

183 1263 241 1296 tis.
293 1263 532 1296 Luculentius
562 1271 629 1296 sua
657 1264 736 1296 fata
762 1272 842 1297 cum
864 1266 917 1297 U·-

183 1317 269 1350 lixis
293 1320 447 1351 eontulit
470 1321 502 1361 Ι,
526 1322 561 1361 5,
585 1320 639 1352 57.
691 1319 818 1353 Heres
848 1327 916 1352 eo-

184 1373 264 1404 dem
298 1381 408 1407 sensu
445 1375 678 1419 capiendum,
716 1383 785 1416 quo
819 1375 916 1416 apud

183 1426 391 1460 Homerum.
458 1430 508 1462 In
540 1431 710 1463 extremo
747 1430 836 1463 orbe
870 1431 915 1462 de

182 1483 390 1525 longinquis
419 1485 535 1518 Ulixis
566 1487 754 1519 erroribus
773 1486 914 1529 'intelli-

182 1539 350 1581 gendum.
389 1540 472 1572 Vid.
488 1542 519 1582 1,
534 1543 565 1573 5.
602 1542 703 1574 Leid.
725 1544 762 1575 et
778 1544 914 1575 Bersm.

179 1593 357 1636 forsitan
381 1595 563 1628 extremo.
618 1599 715 1630 Mor.
743 1599 914 1631 externo.

226 1673 259 1703 5.
292 1670 768 1706 Nostrorum—malorum.
801 1675 913 1717 Busl.,

182 1727 289 1759 Bern.
313 1730 350 1760 et
371 1729 531 1762 fortasse
558 1730 666 1762 etiam
697 1730 759 1762 alii
782 1730 915 1772 lonyo-

181 1790 287 1824 rum,
319 1785 412 1825 quod
442 1784 593 1825 gravius
623 1786 694 1827 est,
717 1794 821 1826 quam
843 1795 915 1818 no-

181 1838 365 1871 strorum.
419 1841 511 1881 Iun.,
540 1839 702 1882 Pirckh.,
724 1842 800 1873 Pal.
825 1842 854 1874 1.
879 1844 916 1875 et

181 1893 215 1924 2.
239 1888 293 1931 (2)
317 1896 354 1926 et
377 1896 464 1926 vett.
490 1895 586 1937 edd.,
602 1898 751 1935 praeter
763 1898 913 1940 Bonon.,

181 1945 368 1980 laborum.
415 1949 518 1982 Conf.
542 1951 591 1992 V,
615 1951 651 1991 6,
675 1951 744 1993 35„
767 1952 818 1993 V,
830 1953 911 1994 7,7.

183 2018 228 2024 —-
249 2002 398 2044 Linqua
417 2004 553 2046 favens
576 2005 689 2047 adsit,
711 2007 797 2039 mali
820 2008 912 2039 omi-

181 2060 237 2092 nis
261 2060 383 2093 verbis
406 2059 601 2102 abstineat,
625 2069 718 2101 quae
739 2063 809 2094 hoc
832 2063 912 2102 qui-

182 2115 262 2147 dem
284 2115 369 2147 loco
393 2116 513 2156 erant,
532 2115 697 2156 quidquid
712 2117 759 2147 ad
773 2117 913 2148 tristem

181 2170 301 2202 exsilii
318 2169 559 2202 conditionem
579 2170 790 2210 pertineret.
834 2170 912 2204 Eo-

182 2227 262 2259 dem
280 2233 389 2257 sensu
405 2225 493 2257 Hor.
511 2224 575 2258 Od.
589 2226 660 2267 111,
673 2225 730 2268 14,
744 2225 796 2257 11.
813 2226 912 2258 male

183 2278 360 2314 omittatis
397 2278 549 2320 parcite
582 2278 729 2322 verbis,
758 2280 818 2313 ubi
839 2280 911 2313 vid.

181 2332 384 2368 Mitscherl.
427 2336 558 2383 Tibull.
583 2339 634 2379 11,
657 2338 694 2379 2,
718 2337 749 2370 1.

245 2397 389 2431 Dicamus
412 2398 492 2428 bona
514 2400 618 2433 verba,
636 2400 722 2428 venit
738 2398 854 2427 Natalis
871 2397 911 2426 ad

580 2452 659 2479 aras,

297 2486 440 2522 Quisquis
466 2488 550 2522 ades,
573 2489 688 2526 lingua,
711 2488 761 2516 vir
783 2488 910 2516 mulier-

578 2539 647 2568 que,
665 2532 745 2562 save.

179 2587 277 2620 Fast.
306 2588 338 2629 1,
368 2588 443 2632 71.,
473 2582 561 2623 Me't.
582 2592 667 2633 xv,
691 2592 766 2623 577.
817 2591 908 2624 Nam

180 2641 310 2685 linqua
328 2642 465 2685 favere
486 2653 561 2677 non
583 2648 720 2678 tantum
750 2648 822 2688 est,
844 2646 908 2678 ta-

180 2705 280 2739 cere,
308 2699 373 2730 sed
403 2700 511 2732 etiam
540 2698 676 2742 fausta
703 2699 821 2743 loqui,
850 2695 908 2733 εὕ-

180 2751 327 2795 φημεῖν,
346 2754 389 2785 ut
408 2754 442 2786 h.
464 2754 490 2787 1.
523 2755 605 2787 Vid.
628 2753 851 2789 TurnebsV.
876 2764 907 2788 c.

181 2809 250 2853 19„
272 2810 371 2842 Fest.
392 2809 430 2841 in
451 2819 507 2852 v.,
536 2810 642 2843 Serv.
667 2813 714 2844 ad
735 2812 840 2855 Virg.
864 2814 906 2846 Δ.

179 2864 231 2908 V,
252 2864 306 2898 71.
349 2865 463 2900 Bona
478 2866 609 2910 verba,
625 2868 666 2900 ut
685 2866 802 2900 bonas
811 2875 906 2910 pre-

985 886 1046 911 ces
1068 879 1136 921 111,
1149 878 1206 922 14,
1218 878 1327 912 18.-·
1344 877 1455 911 Puto.
1500 878 1583 913 vid.
1602 881 1648 913 ad
1659 880 1713 923 V,

984 934 1021 978 4,
1044 935 1098 968 46.
1113 951 1158 958 —-·
1176 937 1253 968 Iun.
1274 934 1319 967 ut
1334 934 1428 976 puto
1451 940 1547 976 quae
1569 933 1712 968 didicit.

1029 1014 1061 1045 7.
1096 1011 1271 1054 Quaeque
1290 1012 1415 1045 semel.
1459 1013 1594 1055 Bersm.
1617 1019 1714 1054 quae

985 1069 1099 1102 semel
1120 1067 1160 1100 in
1184 1068 1273 1100 toto.

1026 1116 1184 1157 Sumere
1201 1122 1340 1155 vestem
1353 1129 1422 1164 pro
1439 1119 1598 1154 induere
1620 1121 1712 1155 diei-

983 1182 1057 1222 tur,
1080 1181 1120 1212 ut
1143 1178 1365 1212 contrarium
1385 1184 1528 1217 ponere
1550 1186 1619 1220 pro
1643 1186 1713 1210 ex-

983 1243 1085 1267 uere.
1130 1232 1236 1268 Conf.
1258 1236 1339 1266 Iuv.
1360 1234 1437 1266 sat.
1459 1235 1511 1277 11,
1533 1235 1586 1267 66.

1027 1311 1059 1344 8.
1088 1309 1278 1343 Discolor.
1299 1311 1385 1344 vat.
1398 1309 1578 1343 discolor.
1601 1308 1712 1344 0101.

981 1364 1175 1408 Discolor,
1221 1366 1348 1399 colore
1372 1365 1541 1399 differens
1566 1374 1589 1399 a
1607 1367 1712 1400 fatis:

982 1430 1064 1455 nam
1085 1422 1164 1454 fata
1185 1422 1342 1462 poscunt
1362 1421 1504 1462 nigrum
1535 1423 1713 1466 colorem,

983 1477 1042 1518 qui
1071 1480 1127 1510 est
1157 1477 1339 1510 tristitiae.
1388 1478 1422 1519 1,
1446 1476 1481 1518 1,
1504 1478 1537 1510 6.
1560 1478 1608 1520 8.,
1640 1478 1711 1520 IV,

982 1532 1018 1574 1,
1041 1532 1095 1565 64.
1141 1532 1256 1565 Albus
1274 1533 1394 1564 autem
1410 1531 1585 1565 laetitiam
1595 1533 1712 1574 signi-

981 1588 1083 1630 ficat,
1112 1589 1149 1620 et
1171 1588 1206 1620 in
1228 1587 1418 1620 sacrificiis
1446 1589 1484 1620 et
1505 1588 1610 1621 festis
1631 1588 1711 1621 usi-

981 1645 1080 1676 tatus
1103 1645 1195 1676 erat.
1244 1643 1345 1675 Fast.
1366 1644 1442 1685 111,
1466 1642 1556 1686 654„
1578 1643 1710 1678 Tibull.

981 1701 1031 1741 Π,
1054 1699 1089 1742 1,
1113 1699 1181 1741 16.,
1205 1700 1294 1731 Hor.
1316 1699 1392 1731 Sat.
1415 1699 1464 1741 11,
1487 1699 1524 1741 2,
1547 1699 1616 1742 61.,
1635 1698 1709 1734 Cit-

981 1756 1082 1787 saub.
1105 1756 1152 1787 ad
1174 1756 1274 1787 Pers.
1298 1755 1348 1795 11,
1371 1754 1425 1786 4⁰.
1447 1770 1491 1778 —-
1516 1755 1612 1797 Put„
1633 1755 1710 1788 Pal.

932 1833 940 1837 -
982 1812 1030 1854 2.,
1052 1810 1168 1852 Leid.,
1190 1810 1247 1842 Vl
1275 1809 1340 1842 alii
1362 1809 1484 1842 Heins-
1474 1830 1506 1851 .‚
1535 1810 1641 1843 Bern.
1671 1812 1710 1844 et

982 1867 1072 1898 vett.
1084 1866 1163 1897 edd.
1176 1865 1351 1907 decolor-5
1373 1865 1506 1907 reliqui
1528 1864 1709 1899 discolor.

981 1910 1090 1954 Crev.
1116 1919 1202 1962 ipsa
1224 1919 1327 1953 meis.

1024 1988 1056 2019 9.
1090 1986 1148 2018 De
1171 1986 1323 2028 cespite.
1375 1989 1474 2020 Arae
1502 1988 1548 2020 de
1570 1988 1710 2029 capite

978 2043 1044 2075 sub
1069 2043 1153 2074 divo
1176 2043 1213 2074 in
1235 2042 1356 2074 subita
1366 2043 1404 2074 et
1416 2042 1615 2083 improvisa
1625 2044 1707 2076 lae-

980 2098 1060 2130 titia
1081 2105 1191 2139 saepe
1213 2097 1359 2130 fiebant.
1402 2096 1494 2130 Hor.
1517 2097 1582 2130 Od.
1600 2099 1632 2140 Ι,
1649 2098 1709 2141 19,

981 2153 1050 2195 13.,
1073 2155 1142 2194 ΠΙ,
1165 2153 1201 2194 8,
1224 2152 1276 2194 4.,
1306 2151 1412 2192 Virg.
1442 2153 1486 2184 A.
1507 2153 1593 2196 ΧΗ,
1615 2153 1708 2196 119.,

977 2209 1123 2239 Metam.
1146 2207 1216 2249 ιν,
1239 2206 1331 2247 ¹7³2„
1354 2207 1438 2248 xv,
1461 2206 1539 2245 573
1586 2204 1716 2250 Atque·

976 2263 1162 2313 imprimis,
1192 2264 1232 2294 ut
1261 2262 1422 2304 videtur,
1451 2262 1487 2294 in
1512 2263 1705 2296 natalibus.

977 2310 1102 2350 Iuven.
1126 2318 1202 2350 Sat.
1224 2317 1313 2359 XII,
1343 2316 1376 2349 2.
1432 2316 1541 2351 Crev
1569 2321 1607 2352 et
1627 2320 1704 2386 lun.

977 2371 1104 2405 viridi.

1021 2449 1073 2482 10.
1100 2449 1220 2482 Velet.
1267 2449 1406 2482 Velare
1422 2450 1504 2483 fere
1518 2450 1704 2495 proprium

977 2488 1021 2538 de
1043 2506 1159 2547 vittis,
1181 2505 1312 2548 sertis,
1345 2506 1493 2538 floribus
1522 2506 1559 2538 in
1586 2507 1704 2539 sacris

975 2560 1207 2602 vocabulum,
1231 2562 1310 2594 sive
1331 2562 1430 2594 notio
1453 2561 1599 2602 tegendi
1621 2561 1703 2594 sive

976 2616 1175 2649 coronandi
1202 2618 1266 2649 aut
1292 2616 1490 2649 redimendi
1518 2624 1612 2648 nunc
1635 2618 1701 2649 de-

976 2672 1146 2704 claretur.
1191 2671 1260 2713 1V,
1281 2671 1319 2713 2,
1342 2671 1390 2713 3.,
1411 2671 1480 2712 111,
1504 2669 1560 2711 14,
1584 2669 1635 2702 15.
1655 2686 1700 2694 ·-

972 2728 1071 2760 Fast.
1095 2728 1143 2768 11,
1166 2727 1240 2759 537.

1040 2789 1154 2824 'regula
1175 2788 1320 2824 proiectis
1344 2787 1420 2816 catis
1446 2789 1494 2815 est
1519 2788 1622 2817 velata
1645 2795 1699 2818 οο-
1748 2828 1753 2829 7

973 2868 1071 2901 vast.
1094 2869 1160 2911 111,
1182 2869 1258 2902 26⁷.
1367 2838 1461 2862 ‘⁰³¹⁵'
