1846 3146
176 151 274 201 184

392 108 394 110 ’
426 147 743 202 1³20va
777 150 1095 225 NASONis
1131 152 1483 204 TRISTIUM

174 273 390 338 Arguor
413 276 673 324 immerito:
707 277 868 324 tenuis
901 275 1016 324 mihi
1051 290 1251 342 campus
1285 279 1475 338 aratur3

241 355 379 406 Illud
413 362 519 406 erat
554 373 759 422 maguae
794 358 1065 408 fertilitatis
1100 363 1237 425 opus.

175 440 294 490 Non
327 439 443 490 ideo
480 439 628 490 debet
659 438 844 507 pelago
877 457 934 491 se
967 440 1189 502 credere,
1224 444 1268 490 si
1302 458 1397 507 qua

242 523 414 572 Audet
447 526 498 572 in
533 526 718 589 exiguo
753 524 931 574 ludere
966 525 1140 591 cymba
1172 525 1300 575 lacu.

1610 524 1710 575 330

179 605 373 655 Forsan
408 608 487 667 [et
519 606 616 656 hoc
651 607 893 669 dubitem]
928 610 1139 657 numeris
1173 607 1447 658 levioribus
1481 611 1623 675 aptus

246 687 353 738 Sim
387 692 508 738 satis
541 692 592 739 in
625 707 811 757 parvos
847 692 1181 756 sufficiamque
1214 691 1411 741 modost

177 772 249 821 At
282 775 326 821 si
358 788 434 822 me
468 774 639 823 iubeas
675 774 884 823 domitos
919 775 1058 824 Iovis
1092 776 1208 838 igne
1243 773 1483 840 Gigantes

245 856 445 918 Dicere,
484 861 740 906 conantem
775 857 1053 907 debilitabit
1086 873 1224 907 onus.
1398 869 1401 871 ’

177 990 266 1041 bant
298 991 360 1022 vel
394 991 615 1024 debuissent.

177 1042 260 1086 xit,
287 1045 338 1077 15.

221 1118 297 1155 327.
335 1121 483 1154 Tenuis.
529 1125 633 1156 Pont.
656 1124 710 1156 IV
730 1126 767 1168 2,
790 1125 845 1159 16.
868 1127 914 1158 de

177 1180 302 1214 eadem
325 1179 459 1220 ingenii
482 1180 698 1221 exiguitate:

682 992 788 1026 Conf.
826 994 912 1026 Her.

243 1247 305 1282 Sed
323 1253 436 1281 siceum
454 1254 554 1286 sterili
571 1262 694 1284 vomere
716 1256 788 1284 litus
807 1265 871 1286 aro.

177 1322 284 1354 conf.
307 1323 357 1364 11,
380 1323 472 1366 531„
494 1326 562 1367 111,
586 1325 643 1367 14,
667 1326 735 1368 34„
755 1327 913 1371 rouen,

177 1378 225 1419 7.,
249 1378 337 1410 nor.
361 1379 438 1410 sat.
462 1381 512 1421 11,
535 1379 569 1422 1,
591 1381 668 1413 257.

223 1455 298 1487 328.
332 1455 498 1502 Magnae
534 1455 754 1499 fertilitatis
805 1469 912 1504 opus.

178 1511 280 1542 Pont.
304 1511 373 1553 IV,
395 1511 432 1552 2,
461 1511 515 1545 11.

243 1585 359 1613 Fertile
377 1587 482 1620 pectus
501 1586 606 1620 habes,
629 1587 769 1624 interque
786 1590 912 1620 Helico-

577 1639 616 1658 na
634 1633 771 1660 colentes
796 1628 799 1635 ⁴

292 1672 423 1702 Uberius
442 1674 518 1702 nulli
535 1676 677 1710 provenit
693 1676 753 1706 ista
770 1684 871 1713 seges.

221 1743 299 1774 329.
331 1743 440 1784 prop.
464 1745 531 1787 m,
554 1745 591 1787 7,
615 1746 669 1778 35.

242 1817 309 1846 Non
328 1825 386 1853 ego
405 1817 534 1848 velifera
558 1820 703 1849 tumidum
726 1829 809 1850 mare
831 1822 913 1851 findo

577 1872 691 1899 carina,

292 1905 368 1934 Tuta
386 1907 442 1935 sub
460 1908 571 1944 exiguo
588 1909 710 1938 flumine
724 1914 829 1940 nostra
845 1918 912 1939 mo-

577 1960 612 1980 ra
631 1956 688 1982 est.

178 2001 267 2034 nor.
291 1999 355 2033 od.
379 2000 447 2042 ιν,
473 1999 531 2043 15,
555 1999 586 2033 1.

242 2073 382 2102 Phoebus
399 2075 553 2102 volentem
570 2075 688 2110 proelia
705 2083 753 2103 me
771 2076 865 2111 loqui,

243 2118 348 2149 victas
367 2122 399 2146 et
414 2119 517 2153 urbes,
535 2119 687 2155 increpuit
707 2120 785 2155 lyra,

292 2162 338 2192 Ne
355 2170 449 2198 parva
468 2163 656 2198 Tyrrhenum
673 2171 729 2201 per
745 2170 859 2201 aequor

345 2205 422 2236 Vela
442 2207 546 2237 darem
562 2223 597 2229 --

178 2280 288 2319 Prop.
309 2278 377 2320 ΙΙΙ,
399 2278 436 2320 7,
459 2278 492 2310 3.

246 2352 326 2386 Quid
344 2359 393 2380 me
417 2351 571 2381 scribendi
595 2354 655 2380 tam
678 2355 796 2381 vastum
819 2351 914 2380 mittis

536 2415 539 2418 -
578 2395 764 2432 in'aequor?

294 2441 360 2470 Non
383 2444 455 2470 sunt
477 2443 548 2476 apta
576 2448 662 2470 meae
690 2442 818 2478 grandia
845 2443 914 2471 vela

578 2484 648 2513 rati.

181 2546 290 2578 Goth.
311 2546 449 2587 pelago
473 2544 591 2582 debet.

223 2624 300 2656 330.
332 2623 495 2655 Ludere.
562 2624 659 2655 Mor.
697 2623 735 2653 et
767 2622 819 2652 111
851 2620 916 2653 alii

179 2687 352 2711 currere.
399 2679 471 2710 Sed
485 2679 649 2719 praestat
663 2675 807 2716 ludere,
820 2676 917 2716 quod,

178 2734 233 2775 fit,
259 2742 364 2774 quum
394 2737 528 2766 nautae
557 2741 625 2774 per
654 2733 766 2764 otium
799 2732 846 2762 ad
869 2739 914 2763 0-

177 2790 406 2821 stentandam
443 2789 534 2820 artis
564 2789 732 2830 peritiam
773 2789 810 2819 et
845 2794 914 2818 na-

178 2845 276 2879 vium
305 2845 533 2878 habilitatem
562 2844 753 2877 vehuntur.
812 2843 915 2875 Unde

951 1486 958 1496 ,
980 1457 1052 1489 et'c.

979 991 1149 1024 lusoriae
1170 1001 1286 1030 naves
1308 992 1516 1027 levissimae
1538 995 1576 1026 et
1597 1001 1710 1035 expe,-

980 1049 1187 1081 ditissimae.
1244 1050 1327 1082 Vid.
1365 1050 1518 1083 salmas.
1551 1049 1596 1080 ad
1628 1049 1711 1081 Vox-

978 1102 1067 1143 pisc.
1091 1112 1123 1136 c.
1147 1103 1200 1137 15.
1251 1106 1382 1138 senec.
1415 1107 1529 1146 Epist.
1552 1106 1616 1138 IV.
1647 1113 1712 1137 eo-

980 1159 1064 1191 dem
1096 1158 1174 1202 die,
1223 1169 1297 1203 quo
1337 1162 1513 1205 luserant
1547 1159 1713 1203 naviyia,

979 1214 1196 1248 sorbentur.
1219 1217 1356 1250 Bmut.
1385 1218 1547 1259 Pirckh.,
1559 1219 1713 1260 Bersm.,

980 1271 1069 1302 vett.
1103 1271 1183 1302 edd.
1218 1274 1256 1305 et
1285 1273 1394 1306 lloril.
1425 1272 1609 1307 Murmell.
1639 1281 1712 1305 aa·

981 1325 1073 1358 deat
1094 1325 1242 1368 eoeiyuo.

1024 1402 1101 1435 331.
1134 1403 1288 1436 Forsan
1322 1402 1386 1445 (et
1422 1403 1493 1437 hoc
1525 1403 1712 1447 dubitem)

1099 1458 1243 1501 Comb.,
1267 1459 1412 1492 Pirckh.
1437 1462 1475 1492 et
1497 1459 1635 1492 Heinsii
1656 1461 1712 1493 ed.
1749 1500 1755 1508 .

979 1521 1036 1553 pr.
1055 1512 1226 1555 forsitan
1248 1515 1327 1547 hoc.
1377 1517 1464 1549 Vat.
1489 1515 1520 1548 1.
1551 1519 1588 1549 et
1610 1517 1646 1548 11
1668 1525 1712 1549 a-

979 1569 1020 1601 lii
1041 1571 1162 1603 Heius.
1182 1570 1353 1613 forsitan
1376 1571 1449 1604 hic.
1495 1572 1595 1604 Gott.
1621 1570 1717 1618 Γον-Κ

979 1633 1052 1656 san
1075 1627 1113 1658 et
1132 1625 1202 1659 liic.
1246 1628 1323 1660 Pal.
1338 1628 1536 1670 2.,-nersm.
1560 1629 1598 1660 et
1619 1629 1711 1660 vett.

980 1682 1061 1713 edd.
1083 1684 1235 1722 praeter
1256 1683 1400 1717 vicent.
1419 1683 1557 1726 forsan
1580 1681 1619 1714 in
1630 1682 1711 1714 hoc.

979 1737 1146 1770 Frustra.
1197 1739 1304 1772 Goth.
1313 1760 1328 1782 ,
1368 1739 1492 1782 Gall„
1534 1739 1634 1773 [aeid.
1674 1741 1714 1773 et

981 1792 1066 1833 Seg.
1089 1792 1229 1826 dubito.

1025 1861 1126 1894 Male
1148 1862 1295 1895 Merkel
1310 1861 1407 1894 ‚illud
1437 1861 1577 1904 forsan
1598 1862 1714 1905 iungit

980 1915 1104 1947 verbis
1135 1916 1173 1948 et
1205 1916 1275 1949 hoc
1298 1916 1483 1959 dubitem,
1507 1919 1602 1959 quod
1623 1926 1712 1960 per-

980 1971 1072 2003 tinet
1101 1973 1147 2004 ad
1169 1971 1240 2004 sim
1262 1975 1300 2005 et
1321 1971 1591 2015 sufficiamque.

1025 2049 1101 2081 332.
1134 2048 1183 2081 In
1203 2050 1547 2091 parvos-modo&
1597 2052 1712 2093 Mon,

980 2103 1056 2134 Iun.
1089 2106 1125 2136 et
1151 2105 1273 2136 Berol.
1300 2103 1340 2136 in
1365 2104 1503 2146 parvis
1522 2122 1561 2128 -—
1579 2105 1712 2140 modis.

980 2158 1092 2190 Male.
1136 2158 1186 2191 In
1208 2159 1313 2191 finem
1340 2160 1515 2193 declarat.
1560 2161 1712 2195 Vid.A·-

978 2223 1070 2247 mor.
1092 2216 1142 2257 11,
1165 2214 1201 2256 7,
1226 2215 1273 2258 1.,
1294 2217 1378 2249 Her.
1401 2217 1468 2258 1V,
1503 2216 1572 2259 16„
1601 2218 1712 2259 Prop.

980 2271 1048 2312 111,
1070 2271 1106 2313 2,
1129 2272 1184 2304 35.
1229 2273 1313 2313 seg.
1332 2272 1459 2314 pedes.

1026 2362 1103 2393 333.
1128 2359 1316 2402 Gigantes.
1363 2360 1425 2393 Sic
1447 2361 1576 2403 scrIpti
1597 2369 1711 2403 prae-

983 2419 1040 2449 ter
1070 2417 1202 2459 Crev.,
1244 2421 1281 2450 et
1319 2419 1408 2450 vett.
1451 2418 1530 2449 edd.
1572 2423 1710 2463 omnes,

981 2474 1061 2514 qui:
1085 2472 1169 2514 iyne
1188 2472 1334 2515 peruri.
1397 2472 1564 2506 Heinsius
1593 2472 1662 2503 hoc
1684 2470 1709 2502 l.

981 2532 1020 2561 et
1049 2530 1170 2562 multis
1201 2529 1282 2561 aliis
1310 2529 1388 2561 sine
1420 2529 1552 2561 idonea
1581 2533 1712 2559 caussa

982 2585 1079 2617 dedit
1103 2584 1298 2626 aiqantas.
1343 2584 1426 2618 vid.
1450 2585 1494 2615 ad
1518 2582 1584 2624 IV,
1607 2583 1644 2623 ⁷,
1657 2581 1710 2614 1⁷.

980 2640 1035 2673 De
1057 2648 1100 2673 re
1122 2641 1195 2672 vid.
1213 2641 1258 2672 ad
1272 2650 1308 2671 v.
1328 2639 1383 2672 71.
1405 2655 1450 2662 —-
1471 2641 1566 2672 Mor.
1589 2646 1647 2670 me
1666 2636 1711 2670 si.

1025 2727 1101 2760 334.
1134 2729 1213 2761 Rel.
1236 2738 1260 2761 a
1284 2729 1313 2761 1.
1337 2738 1381 2762 m.
1404 2727 1578 2768 condere,
1600 2734 1647 2757 ex
1675 2734 1712 2758 v.

982 2784 1058 2815 336.
1103 2784 1181 2816 Pal.
1214 2784 1267 2826 1.,
1290 2785 1412 2826 Berm,
1434 2783 1569 2815 nex-sm.
1592 2784 1630 2814 et
1658 2781 1714 2814 vl

981 2840 1044 2872 alii
1067 2840 1189 2872 Heius.
1214 2846 1317 2880 opus.
