<?xml version="1.0" encoding="UTF-8"?>
<!DOCTYPE html PUBLIC "-//W3C//DTD XHTML 1.0 Transitional//EN"
    "http://www.w3.org/TR/xhtml1/DTD/xhtml1-transitional.dtd">
<html xmlns="http://www.w3.org/1999/xhtml" xml:lang="en" lang="en">
 <head>
  <title>
</title>
<meta http-equiv="Content-Type" content="text/html;charset=utf-8" />
  <meta name='ocr-system' content='tesseract 3.04.00' />
  <meta name='ocr-capabilities' content='ocr_page ocr_carea ocr_par ocr_line ocrx_word'/>
</head>
<body>
  <div class='ocr_page' id='page_1' title='image "./tristiumlibriqui00oviduoft_0034.png"; bbox 0 0 1846 3146; ppageno 0'>
   <div class='ocr_carea' id='block_1_1' title="bbox 217 193 1184 244">
    <p class='ocr_par' dir='ltr' id='par_1_1' title="bbox 217 193 1184 244">
     <span class='ocr_line' id='line_1_1' title="bbox 217 193 1184 244; baseline 0.002 -4"><span class='ocrx_word' id='word_1_1' title='bbox 217 209 390 242; x_wconf 84' lang='lat' dir='ltr'>xxvm</span> <span class='ocrx_word' id='word_1_2' title='bbox 765 193 1184 244; x_wconf 78' lang='lat' dir='ltr'><strong>PRAEFATIO.</strong></span> 
     </span>
    </p>
   </div>
   <div class='ocr_carea' id='block_1_2' title="bbox 147 312 1798 2944">
    <p class='ocr_par' dir='ltr' id='par_1_2' title="bbox 213 312 1734 464">
     <span class='ocr_line' id='line_1_2' title="bbox 213 312 1734 382; baseline 0.003 -22"><span class='ocrx_word' id='word_1_3' title='bbox 213 327 306 377; x_wconf 92' lang='lat' dir='ltr'>que</span> <span class='ocrx_word' id='word_1_4' title='bbox 353 312 466 363; x_wconf 91' lang='lat' dir='ltr'>huic</span> <span class='ocrx_word' id='word_1_5' title='bbox 500 312 723 364; x_wconf 85' lang='lat' dir='ltr'>Venetae</span> <span class='ocrx_word' id='word_1_6' title='bbox 766 332 934 364; x_wconf 89' lang='lat' dir='ltr'>rursus</span> <span class='ocrx_word' id='word_1_7' title='bbox 975 315 1126 365; x_wconf 84' lang='lat' dir='ltr'>valde</span> <span class='ocrx_word' id='word_1_8' title='bbox 1159 315 1343 364; x_wconf 88' lang='lat' dir='ltr'>similes</span> <span class='ocrx_word' id='word_1_9' title='bbox 1377 321 1489 364; x_wconf 88' lang='lat' dir='ltr'>sunt</span> <span class='ocrx_word' id='word_1_10' title='bbox 1517 315 1734 382; x_wconf 86' lang='lat' dir='ltr'>reliquae</span> 
     </span>
     <span class='ocr_line' id='line_1_3' title="bbox 213 384 1729 464; baseline 0.003 -21"><span class='ocrx_word' id='word_1_11' title='bbox 213 401 332 444; x_wconf 90' lang='lat' dir='ltr'>vett.</span> <span class='ocrx_word' id='word_1_12' title='bbox 366 395 479 445; x_wconf 89' lang='lat' dir='ltr'>edd.</span> <span class='ocrx_word' id='word_1_13' title='bbox 516 384 702 446; x_wconf 81' lang='lat' dir='ltr'>saeculi</span> <span class='ocrx_word' id='word_1_14' title='bbox 728 397 844 446; x_wconf 93' lang='lat' dir='ltr'>XV.</span> <span class='ocrx_word' id='word_1_15' title='bbox 873 413 1054 459; x_wconf 78' lang='lat' dir='ltr'>omneS,</span> <span class='ocrx_word' id='word_1_16' title='bbox 1077 404 1286 464; x_wconf 85' lang='lat' dir='ltr'>excepta</span> <span class='ocrx_word' id='word_1_17' title='bbox 1304 415 1399 447; x_wconf 90' lang='lat' dir='ltr'>una</span> <span class='ocrx_word' id='word_1_18' title='bbox 1418 399 1729 448; x_wconf 80' lang='lat' dir='ltr'>Bononiensi.</span> 
     </span>
    </p>

    <p class='ocr_par' dir='ltr' id='par_1_3' title="bbox 184 476 1733 1701">
     <span class='ocr_line' id='line_1_4' title="bbox 312 476 1730 546; baseline 0.001 -19"><span class='ocrx_word' id='word_1_19' title='bbox 312 476 540 528; x_wconf 84' lang='lat' dir='ltr'>Ceterum</span> <span class='ocrx_word' id='word_1_20' title='bbox 583 482 708 528; x_wconf 89' lang='lat' dir='ltr'>inter</span> <span class='ocrx_word' id='word_1_21' title='bbox 757 482 1136 546; x_wconf 82' lang='lat' dir='ltr'>praestantiores</span> <span class='ocrx_word' id='word_1_22' title='bbox 1180 480 1459 529; x_wconf 90' lang='lat' dir='ltr'>numerandi</span> <span class='ocrx_word' id='word_1_23' title='bbox 1500 480 1730 530; x_wconf 85' lang='lat' dir='ltr'>Tristium</span> 
     </span>
     <span class='ocr_line' id='line_1_5' title="bbox 213 559 1729 623; baseline 0.003 -15"><span class='ocrx_word' id='word_1_24' title='bbox 213 559 413 610; x_wconf 91' lang='lat' dir='ltr'>codices</span> <span class='ocrx_word' id='word_1_25' title='bbox 446 562 677 611; x_wconf 88' lang='lat' dir='ltr'>videntur</span> <span class='ocrx_word' id='word_1_26' title='bbox 712 561 1004 613; x_wconf 86' lang='lat' dir='ltr'>Combianus</span> <span class='ocrx_word' id='word_1_27' title='bbox 1043 565 1153 613; x_wconf 88' lang='lat' dir='ltr'>sive</span> <span class='ocrx_word' id='word_1_28' title='bbox 1191 563 1504 623; x_wconf 86' lang='lat' dir='ltr'>Dresdensis,</span> <span class='ocrx_word' id='word_1_29' title='bbox 1540 563 1729 612; x_wconf 89' lang='lat' dir='ltr'>Palati-</span> 
     </span>
     <span class='ocr_line' id='line_1_6' title="bbox 212 644 1732 710; baseline 0.002 -19"><span class='ocrx_word' id='word_1_30' title='bbox 212 661 303 692; x_wconf 91' lang='lat' dir='ltr'>nus</span> <span class='ocrx_word' id='word_1_31' title='bbox 337 645 398 705; x_wconf 90' lang='lat' dir='ltr'>I.,</span> <span class='ocrx_word' id='word_1_32' title='bbox 435 644 848 710; x_wconf 86' lang='lat' dir='ltr'>Hamburgensis.,</span> <span class='ocrx_word' id='word_1_33' title='bbox 884 645 1152 694; x_wconf 84' lang='lat' dir='ltr'>Vaticanus</span> <span class='ocrx_word' id='word_1_34' title='bbox 1184 646 1239 706; x_wconf 89' lang='lat' dir='ltr'>I.,</span> <span class='ocrx_word' id='word_1_35' title='bbox 1275 644 1541 706; x_wconf 85' lang='lat' dir='ltr'>Gothanus,</span> <span class='ocrx_word' id='word_1_36' title='bbox 1575 645 1732 694; x_wconf 85' lang='lat' dir='ltr'>Guel-</span> 
     </span>
     <span class='ocr_line' id='line_1_7' title="bbox 217 726 1732 792; baseline 0.001 -18"><span class='ocrx_word' id='word_1_37' title='bbox 217 726 532 792; x_wconf 84' lang='lat' dir='ltr'>ferbytanus,</span> <span class='ocrx_word' id='word_1_38' title='bbox 575 727 849 789; x_wconf 82' lang='lat' dir='ltr'>Puteanus,</span> <span class='ocrx_word' id='word_1_39' title='bbox 884 728 1172 788; x_wconf 87' lang='lat' dir='ltr'>Bernensis,</span> <span class='ocrx_word' id='word_1_40' title='bbox 1216 728 1518 776; x_wconf 80' lang='lat' dir='ltr'>Maffeianus.</span> <span class='ocrx_word' id='word_1_41' title='bbox 1596 727 1732 777; x_wconf 87' lang='lat' dir='ltr'>Satis</span> 
     </span>
     <span class='ocr_line' id='line_1_8' title="bbox 214 794 1732 875; baseline 0.001 -17"><span class='ocrx_word' id='word_1_42' title='bbox 214 808 330 858; x_wconf 88' lang='lat' dir='ltr'>boni</span> <span class='ocrx_word' id='word_1_43' title='bbox 367 826 556 875; x_wconf 92' lang='lat' dir='ltr'>quoque</span> <span class='ocrx_word' id='word_1_44' title='bbox 590 810 1021 871; x_wconf 86' lang='lat' dir='ltr'>Bersmannianus,</span> <span class='ocrx_word' id='word_1_45' title='bbox 1055 809 1396 870; x_wconf 74' lang='lat' dir='ltr'>Busliffianus,</span> <span class='ocrx_word' id='word_1_46' title='bbox 1431 794 1732 860; x_wconf 75' lang='lat' dir='ltr'>Francofur-</span> 
     </span>
     <span class='ocr_line' id='line_1_9' title="bbox 211 891 1732 959; baseline 0.002 -20"><span class='ocrx_word' id='word_1_47' title='bbox 211 894 380 951; x_wconf 85' lang='lat' dir='ltr'>tensis,</span> <span class='ocrx_word' id='word_1_48' title='bbox 418 892 674 941; x_wconf 88' lang='lat' dir='ltr'>Mediceus</span> <span class='ocrx_word' id='word_1_49' title='bbox 709 893 771 953; x_wconf 87' lang='lat'>1.,</span> <span class='ocrx_word' id='word_1_50' title='bbox 811 891 1175 959; x_wconf 86' lang='lat' dir='ltr'>Gottorpianus,</span> <span class='ocrx_word' id='word_1_51' title='bbox 1210 893 1484 941; x_wconf 83' lang='lat' dir='ltr'>Vossianus</span> <span class='ocrx_word' id='word_1_52' title='bbox 1513 896 1623 942; x_wconf 89' lang='lat' dir='ltr'>sive</span> <span class='ocrx_word' id='word_1_53' title='bbox 1640 909 1732 942; x_wconf 85' lang='lat' dir='ltr'>ex-</span> 
     </span>
     <span class='ocr_line' id='line_1_10' title="bbox 217 974 1731 1040; baseline 0.001 -18"><span class='ocrx_word' id='word_1_54' title='bbox 217 980 386 1040; x_wconf 87' lang='lat' dir='ltr'>cerpta</span> <span class='ocrx_word' id='word_1_55' title='bbox 419 975 580 1036; x_wconf 86' lang='lat' dir='ltr'>Vosii,</span> <span class='ocrx_word' id='word_1_56' title='bbox 615 975 952 1024; x_wconf 56' lang='lat' dir='ltr'>Berolin‘ensis</span> <span class='ocrx_word' id='word_1_57' title='bbox 969 1011 982 1036; x_wconf 88' lang='lat'>,</span> <span class='ocrx_word' id='word_1_58' title='bbox 1023 975 1522 1035; x_wconf 90' lang='lat' dir='ltr'>Pirckheimerianus,</span> <span class='ocrx_word' id='word_1_59' title='bbox 1568 974 1731 1024; x_wconf 85' lang='lat' dir='ltr'>Galli-</span> 
     </span>
     <span class='ocr_line' id='line_1_11' title="bbox 215 1057 1732 1119; baseline 0 -14"><span class='ocrx_word' id='word_1_60' title='bbox 215 1072 318 1117; x_wconf 88' lang='lat' dir='ltr'>cus,</span> <span class='ocrx_word' id='word_1_61' title='bbox 355 1058 627 1106; x_wconf 87' lang='lat' dir='ltr'>Politianus</span> <span class='ocrx_word' id='word_1_62' title='bbox 644 1059 700 1119; x_wconf 90' lang='lat' dir='ltr'>I.,</span> <span class='ocrx_word' id='word_1_63' title='bbox 735 1058 986 1106; x_wconf 89' lang='lat' dir='ltr'>Palatinus</span> <span class='ocrx_word' id='word_1_64' title='bbox 1014 1058 1077 1106; x_wconf 90' lang='grc' dir='ltr'>Π.</span> <span class='ocrx_word' id='word_1_65' title='bbox 1145 1057 1311 1109; x_wconf 83' lang='lat' dir='ltr'>Valde</span> <span class='ocrx_word' id='word_1_66' title='bbox 1340 1057 1611 1106; x_wconf 89' lang='lat' dir='ltr'>mediocres</span> <span class='ocrx_word' id='word_1_67' title='bbox 1629 1057 1732 1105; x_wconf 86' lang='lat' dir='ltr'>Re-</span> 
     </span>
     <span class='ocr_line' id='line_1_12' title="bbox 214 1138 1732 1205; baseline 0.001 -19"><span class='ocrx_word' id='word_1_68' title='bbox 214 1138 457 1199; x_wconf 88' lang='lat' dir='ltr'>landinus,</span> <span class='ocrx_word' id='word_1_69' title='bbox 492 1141 695 1205; x_wconf 78' lang='lat' dir='ltr'>RegiuS‚</span> <span class='ocrx_word' id='word_1_70' title='bbox 728 1140 1075 1205; x_wconf 77' lang='lat' dir='ltr'>SeguerianuS,</span> <span class='ocrx_word' id='word_1_71' title='bbox 1113 1138 1419 1201; x_wconf 86' lang='lat' dir='ltr'>Crevennae,</span> <span class='ocrx_word' id='word_1_72' title='bbox 1454 1140 1732 1200; x_wconf 85' lang='lat' dir='ltr'>Leidensis,</span> 
     </span>
     <span class='ocr_line' id='line_1_13' title="bbox 212 1222 1732 1282; baseline 0.001 -13"><span class='ocrx_word' id='word_1_73' title='bbox 212 1222 529 1282; x_wconf 79' lang='lat' dir='ltr'>MoretanuS‚</span> <span class='ocrx_word' id='word_1_74' title='bbox 583 1222 854 1272; x_wconf 85' lang='lat' dir='ltr'>Servianus</span> <span class='ocrx_word' id='word_1_75' title='bbox 903 1230 953 1272; x_wconf 86' lang='lat' dir='ltr'>et</span> <span class='ocrx_word' id='word_1_76' title='bbox 1011 1224 1251 1271; x_wconf 87' lang='lat' dir='ltr'>Iunianus.</span> <span class='ocrx_word' id='word_1_77' title='bbox 1328 1224 1462 1272; x_wconf 85' lang='lat' dir='ltr'>Inter</span> <span class='ocrx_word' id='word_1_78' title='bbox 1511 1229 1584 1271; x_wconf 91' lang='lat' dir='ltr'>tot</span> <span class='ocrx_word' id='word_1_79' title='bbox 1615 1222 1732 1270; x_wconf 92' lang='lat' dir='ltr'>illos</span> 
     </span>
     <span class='ocr_line' id='line_1_14' title="bbox 210 1303 1733 1369; baseline 0.001 -18"><span class='ocrx_word' id='word_1_80' title='bbox 210 1303 507 1354; x_wconf 86' lang='lat' dir='ltr'>Heinsianos</span> <span class='ocrx_word' id='word_1_81' title='bbox 558 1305 689 1354; x_wconf 86' lang='lat' dir='ltr'>haud</span> <span class='ocrx_word' id='word_1_82' title='bbox 739 1306 884 1354; x_wconf 91' lang='lat' dir='ltr'>dubie</span> <span class='ocrx_word' id='word_1_83' title='bbox 932 1309 1073 1354; x_wconf 84' lang='lat' dir='ltr'>etiam</span> <span class='ocrx_word' id='word_1_84' title='bbox 1127 1306 1263 1354; x_wconf 92' lang='lat' dir='ltr'>multi</span> <span class='ocrx_word' id='word_1_85' title='bbox 1323 1306 1408 1354; x_wconf 90' lang='lat' dir='ltr'>alii</span> <span class='ocrx_word' id='word_1_86' title='bbox 1454 1307 1733 1369; x_wconf 85' lang='lat' dir='ltr'>integritate</span> 
     </span>
     <span class='ocr_line' id='line_1_15' title="bbox 212 1387 1732 1455; baseline 0 -20"><span class='ocrx_word' id='word_1_87' title='bbox 212 1387 479 1436; x_wconf 86' lang='lat' dir='ltr'>excellunt.</span> <span class='ocrx_word' id='word_1_88' title='bbox 563 1388 745 1438; x_wconf 88' lang='lat' dir='ltr'>Verum</span> <span class='ocrx_word' id='word_1_89' title='bbox 787 1390 1007 1455; x_wconf 89' lang='lat' dir='ltr'>plerique</span> <span class='ocrx_word' id='word_1_90' title='bbox 1054 1397 1149 1436; x_wconf 88' lang='lat' dir='ltr'>tam</span> <span class='ocrx_word' id='word_1_91' title='bbox 1191 1404 1301 1436; x_wconf 88' lang='lat' dir='ltr'>raro</span> <span class='ocrx_word' id='word_1_92' title='bbox 1348 1388 1633 1445; x_wconf 84' lang='lat' dir='ltr'>laudantur,</span> <span class='ocrx_word' id='word_1_93' title='bbox 1679 1393 1732 1435; x_wconf 90' lang='lat' dir='ltr'>ut</span> 
     </span>
     <span class='ocr_line' id='line_1_16' title="bbox 211 1471 1732 1537; baseline 0.001 -20"><span class='ocrx_word' id='word_1_94' title='bbox 211 1471 398 1517; x_wconf 88' lang='lat' dir='ltr'>etiamsi</span> <span class='ocrx_word' id='word_1_95' title='bbox 432 1472 482 1518; x_wconf 90' lang='lat' dir='ltr'>in</span> <span class='ocrx_word' id='word_1_96' title='bbox 515 1474 684 1537; x_wconf 85' lang='lat' dir='ltr'>paucis</span> <span class='ocrx_word' id='word_1_97' title='bbox 726 1487 832 1521; x_wconf 90' lang='lat' dir='ltr'>cum</span> <span class='ocrx_word' id='word_1_98' title='bbox 879 1473 1069 1537; x_wconf 87' lang='lat' dir='ltr'>optimis</span> <span class='ocrx_word' id='word_1_99' title='bbox 1103 1471 1242 1519; x_wconf 90' lang='lat' dir='ltr'>libris</span> <span class='ocrx_word' id='word_1_100' title='bbox 1279 1473 1606 1530; x_wconf 85' lang='lat' dir='ltr'>consentiant,</span> <span class='ocrx_word' id='word_1_101' title='bbox 1655 1476 1732 1518; x_wconf 87' lang='lat' dir='ltr'>ta-</span> 
     </span>
     <span class='ocr_line' id='line_1_17' title="bbox 184 1552 1732 1603; baseline 0.001 -4"><span class='ocrx_word' id='word_1_102' title='bbox 184 1567 318 1600; x_wconf 61' lang='lat' dir='ltr'>=men</span> <span class='ocrx_word' id='word_1_103' title='bbox 351 1554 400 1600; x_wconf 90' lang='lat' dir='ltr'>in</span> <span class='ocrx_word' id='word_1_104' title='bbox 434 1554 714 1603; x_wconf 89' lang='lat' dir='ltr'>universum</span> <span class='ocrx_word' id='word_1_105' title='bbox 749 1553 811 1603; x_wconf 91' lang='lat' dir='ltr'>de</span> <span class='ocrx_word' id='word_1_106' title='bbox 847 1569 1011 1603; x_wconf 90' lang='lat' dir='ltr'>eorum</span> <span class='ocrx_word' id='word_1_107' title='bbox 1045 1553 1260 1603; x_wconf 86' lang='lat' dir='ltr'>bonitate</span> <span class='ocrx_word' id='word_1_108' title='bbox 1304 1569 1364 1603; x_wconf 89' lang='lat' dir='ltr'>ac</span> <span class='ocrx_word' id='word_1_109' title='bbox 1396 1552 1494 1602; x_wconf 89' lang='lat' dir='ltr'>fide</span> <span class='ocrx_word' id='word_1_110' title='bbox 1528 1552 1732 1601; x_wconf 80' lang='lat' dir='ltr'>iudicari</span> 
     </span>
     <span class='ocr_line' id='line_1_18' title="bbox 210 1636 1240 1701; baseline 0.01 -21"><span class='ocrx_word' id='word_1_111' title='bbox 210 1636 400 1682; x_wconf 89' lang='lat' dir='ltr'>minime</span> <span class='ocrx_word' id='word_1_112' title='bbox 433 1638 603 1701; x_wconf 89' lang='lat' dir='ltr'>possit.</span> <span class='ocrx_word' id='word_1_113' title='bbox 1237 1641 1240 1643; x_wconf 70' lang='grc'><strong>’</strong></span> 
     </span>
    </p>

    <p class='ocr_par' dir='ltr' id='par_1_4' title="bbox 147 1717 1798 2944">
     <span class='ocr_line' id='line_1_19' title="bbox 309 1717 1732 1785; baseline 0.001 -20"><span class='ocrx_word' id='word_1_114' title='bbox 309 1717 389 1765; x_wconf 90' lang='lat' dir='ltr'>De</span> <span class='ocrx_word' id='word_1_115' title='bbox 409 1718 660 1767; x_wconf 86' lang='lat' dir='ltr'>veteribus</span> <span class='ocrx_word' id='word_1_116' title='bbox 680 1718 989 1780; x_wconf 87' lang='lat' dir='ltr'>editionibus,</span> <span class='ocrx_word' id='word_1_117' title='bbox 1026 1736 1222 1785; x_wconf 89' lang='lat' dir='ltr'>quarum</span> <span class='ocrx_word' id='word_1_118' title='bbox 1238 1719 1415 1768; x_wconf 87' lang='lat' dir='ltr'>multae</span> <span class='ocrx_word' id='word_1_119' title='bbox 1443 1719 1494 1767; x_wconf 92' lang='lat' dir='ltr'>in</span> <span class='ocrx_word' id='word_1_120' title='bbox 1510 1724 1732 1785; x_wconf 91' lang='lat' dir='ltr'>promptu</span> 
     </span>
     <span class='ocr_line' id='line_1_20' title="bbox 209 1799 1731 1862; baseline 0.001 -15"><span class='ocrx_word' id='word_1_121' title='bbox 209 1799 420 1860; x_wconf 84' lang='lat' dir='ltr'>fuerunt,</span> <span class='ocrx_word' id='word_1_122' title='bbox 457 1804 650 1849; x_wconf 91' lang='lat' dir='ltr'>nonnisi</span> <span class='ocrx_word' id='word_1_123' title='bbox 683 1805 930 1852; x_wconf 89' lang='lat' dir='ltr'>variantes</span> <span class='ocrx_word' id='word_1_124' title='bbox 964 1801 1042 1850; x_wconf 92' lang='lat' dir='ltr'>IX</span> <span class='ocrx_word' id='word_1_125' title='bbox 1075 1801 1336 1851; x_wconf 86' lang='lat' dir='ltr'>editionum</span> <span class='ocrx_word' id='word_1_126' title='bbox 1378 1801 1565 1851; x_wconf 86' lang='lat' dir='ltr'>saeculi</span> <span class='ocrx_word' id='word_1_127' title='bbox 1597 1801 1731 1862; x_wconf 90' lang='lat' dir='ltr'>XV.,</span> 
     </span>
     <span class='ocr_line' id='line_1_21' title="bbox 212 1887 1731 1950; baseline 0.001 -20"><span class='ocrx_word' id='word_1_128' title='bbox 212 1897 336 1946; x_wconf 90' lang='lat' dir='ltr'>quae</span> <span class='ocrx_word' id='word_1_129' title='bbox 370 1888 481 1931; x_wconf 88' lang='lat' dir='ltr'>ante</span> <span class='ocrx_word' id='word_1_130' title='bbox 500 1890 788 1932; x_wconf 88' lang='lat' dir='ltr'>memoratae</span> <span class='ocrx_word' id='word_1_131' title='bbox 819 1890 944 1944; x_wconf 86' lang='lat' dir='ltr'>sunt,</span> <span class='ocrx_word' id='word_1_132' title='bbox 979 1887 1028 1932; x_wconf 90' lang='lat' dir='ltr'>in</span> <span class='ocrx_word' id='word_1_133' title='bbox 1060 1887 1398 1934; x_wconf 88' lang='lat' dir='ltr'>commentario</span> <span class='ocrx_word' id='word_1_134' title='bbox 1414 1890 1582 1935; x_wconf 87' lang='lat' dir='ltr'>nostro</span> <span class='ocrx_word' id='word_1_135' title='bbox 1614 1899 1731 1950; x_wconf 87' lang='lat' dir='ltr'>pro-</span> 
     </span>
     <span class='ocr_line' id='line_1_22' title="bbox 212 1967 1733 2034; baseline 0 -21"><span class='ocrx_word' id='word_1_136' title='bbox 212 1967 473 2030; x_wconf 90' lang='lat' dir='ltr'>posuimus.</span> <span class='ocrx_word' id='word_1_137' title='bbox 557 1967 780 2031; x_wconf 87' lang='lat' dir='ltr'>Namque</span> <span class='ocrx_word' id='word_1_138' title='bbox 826 1967 1127 2030; x_wconf 82' lang='lat' dir='ltr'>diligentiori</span> <span class='ocrx_word' id='word_1_139' title='bbox 1170 1972 1331 2016; x_wconf 82' lang='lat' dir='ltr'>earum</span> <span class='ocrx_word' id='word_1_140' title='bbox 1374 1968 1733 2034; x_wconf 87' lang='lat' dir='ltr'>comparatione</span> 
     </span>
     <span class='ocr_line' id='line_1_23' title="bbox 211 2049 1732 2115; baseline 0.001 -19"><span class='ocrx_word' id='word_1_141' title='bbox 211 2053 356 2113; x_wconf 85' lang='lat' dir='ltr'>atque</span> <span class='ocrx_word' id='word_1_142' title='bbox 391 2050 698 2115; x_wconf 87' lang='lat' dir='ltr'>inspectione</span> <span class='ocrx_word' id='word_1_143' title='bbox 733 2051 1067 2113; x_wconf 76' lang='lat' dir='ltr'>cognovimuS,</span> <span class='ocrx_word' id='word_1_144' title='bbox 1101 2049 1216 2098; x_wconf 91' lang='lat' dir='ltr'>inde</span> <span class='ocrx_word' id='word_1_145' title='bbox 1251 2051 1310 2098; x_wconf 85' lang='lat' dir='ltr'>ab</span> <span class='ocrx_word' id='word_1_146' title='bbox 1331 2050 1519 2098; x_wconf 90' lang='lat' dir='ltr'>Aldina</span> <span class='ocrx_word' id='word_1_147' title='bbox 1551 2050 1591 2097; x_wconf 91' lang='lat' dir='ltr'>I.</span> <span class='ocrx_word' id='word_1_148' title='bbox 1627 2065 1732 2098; x_wconf 91' lang='lat' dir='ltr'>om-</span> 
     </span>
     <span class='ocr_line' id='line_1_24' title="bbox 212 2131 1729 2199; baseline 0.001 -21"><span class='ocrx_word' id='word_1_149' title='bbox 212 2146 301 2178; x_wconf 86' lang='lat' dir='ltr'>nes</span> <span class='ocrx_word' id='word_1_150' title='bbox 336 2145 401 2180; x_wconf 80' lang='lat' dir='ltr'>ex</span> <span class='ocrx_word' id='word_1_151' title='bbox 433 2131 536 2180; x_wconf 89' lang='lat' dir='ltr'>illis</span> <span class='ocrx_word' id='word_1_152' title='bbox 572 2131 872 2198; x_wconf 86' lang='lat' dir='ltr'>descriptas,</span> <span class='ocrx_word' id='word_1_153' title='bbox 919 2137 968 2181; x_wconf 89' lang='lat' dir='ltr'>et</span> <span class='ocrx_word' id='word_1_154' title='bbox 1002 2132 1158 2181; x_wconf 85' lang='lat' dir='ltr'>sicubi</span> <span class='ocrx_word' id='word_1_155' title='bbox 1193 2132 1488 2199; x_wconf 84' lang='lat' dir='ltr'>discrepent,</span> <span class='ocrx_word' id='word_1_156' title='bbox 1523 2132 1584 2180; x_wconf 89' lang='lat' dir='ltr'>ab</span> <span class='ocrx_word' id='word_1_157' title='bbox 1619 2131 1729 2180; x_wconf 89' lang='lat' dir='ltr'>edi-</span> 
     </span>
     <span class='ocr_line' id='line_1_25' title="bbox 211 2213 1731 2279; baseline 0.001 -19"><span class='ocrx_word' id='word_1_158' title='bbox 211 2213 398 2262; x_wconf 84' lang='lat' dir='ltr'>toribus</span> <span class='ocrx_word' id='word_1_159' title='bbox 443 2220 686 2279; x_wconf 89' lang='lat' dir='ltr'>utcunque</span> <span class='ocrx_word' id='word_1_160' title='bbox 729 2220 872 2279; x_wconf 88' lang='lat' dir='ltr'>atque</span> <span class='ocrx_word' id='word_1_161' title='bbox 917 2217 1105 2263; x_wconf 90' lang='lat' dir='ltr'>incerta</span> <span class='ocrx_word' id='word_1_162' title='bbox 1150 2217 1437 2264; x_wconf 88' lang='lat' dir='ltr'>auctoritate</span> <span class='ocrx_word' id='word_1_163' title='bbox 1470 2217 1731 2263; x_wconf 85' lang='lat' dir='ltr'>vetustatis</span> 
     </span>
     <span class='ocr_line' id='line_1_26' title="bbox 211 2297 1732 2364; baseline 0.001 -20"><span class='ocrx_word' id='word_1_164' title='bbox 211 2311 324 2344; x_wconf 89' lang='lat' dir='ltr'>esse</span> <span class='ocrx_word' id='word_1_165' title='bbox 358 2297 651 2358; x_wconf 86' lang='lat' dir='ltr'>emendatas,</span> <span class='ocrx_word' id='word_1_166' title='bbox 687 2300 850 2363; x_wconf 79' lang='lat' dir='ltr'>itaque</span> <span class='ocrx_word' id='word_1_167' title='bbox 867 2315 1031 2364; x_wconf 89' lang='lat' dir='ltr'>parum</span> <span class='ocrx_word' id='word_1_168' title='bbox 1066 2298 1130 2346; x_wconf 88' lang='lat' dir='ltr'>ad</span> <span class='ocrx_word' id='word_1_169' title='bbox 1160 2302 1343 2346; x_wconf 83' lang='lat' dir='ltr'>textum</span> <span class='ocrx_word' id='word_1_170' title='bbox 1378 2312 1516 2362; x_wconf 92' lang='lat' dir='ltr'>quem</span> <span class='ocrx_word' id='word_1_171' title='bbox 1548 2302 1732 2346; x_wconf 84' lang='lat' dir='ltr'>vocant</span> 
     </span>
     <span class='ocr_line' id='line_1_27' title="bbox 212 2380 1731 2446; baseline 0 -18"><span class='ocrx_word' id='word_1_172' title='bbox 212 2380 599 2429; x_wconf 86' lang='lat' dir='ltr'>constituendum</span> <span class='ocrx_word' id='word_1_173' title='bbox 632 2381 864 2446; x_wconf 88' lang='lat' dir='ltr'>ponderis</span> <span class='ocrx_word' id='word_1_174' title='bbox 897 2386 1040 2445; x_wconf 86' lang='lat' dir='ltr'>atque</span> <span class='ocrx_word' id='word_1_175' title='bbox 1057 2383 1279 2429; x_wconf 88' lang='lat' dir='ltr'>momenti</span> <span class='ocrx_word' id='word_1_176' title='bbox 1295 2380 1490 2429; x_wconf 89' lang='lat' dir='ltr'>habere.</span> <span class='ocrx_word' id='word_1_177' title='bbox 1551 2380 1731 2445; x_wconf 91' lang='lat' dir='ltr'>Neque</span> 
     </span>
     <span class='ocr_line' id='line_1_28' title="bbox 212 2462 1726 2528; baseline 0.001 -19"><span class='ocrx_word' id='word_1_178' title='bbox 212 2464 349 2528; x_wconf 87' lang='lat' dir='ltr'>ipsae</span> <span class='ocrx_word' id='word_1_179' title='bbox 383 2463 502 2511; x_wconf 88' lang='lat' dir='ltr'>illae</span> <span class='ocrx_word' id='word_1_180' title='bbox 537 2463 778 2512; x_wconf 87' lang='lat' dir='ltr'>editiones</span> <span class='ocrx_word' id='word_1_181' title='bbox 821 2463 1008 2512; x_wconf 88' lang='lat' dir='ltr'>saeculi</span> <span class='ocrx_word' id='word_1_182' title='bbox 1040 2462 1155 2511; x_wconf 92' lang='lat' dir='ltr'>XV.</span> <span class='ocrx_word' id='word_1_183' title='bbox 1191 2477 1356 2511; x_wconf 92' lang='lat' dir='ltr'>omnes</span> <span class='ocrx_word' id='word_1_184' title='bbox 1388 2477 1427 2511; x_wconf 72' lang='lat' dir='ltr'>‘e</span> <span class='ocrx_word' id='word_1_185' title='bbox 1461 2462 1726 2527; x_wconf 83' lang='lat' dir='ltr'>singulari-</span> 
     </span>
     <span class='ocr_line' id='line_1_29' title="bbox 211 2544 1729 2598; baseline -0.002 -3"><span class='ocrx_word' id='word_1_186' title='bbox 211 2545 302 2595; x_wconf 84' lang='lat' dir='ltr'>bus</span> <span class='ocrx_word' id='word_1_187' title='bbox 338 2545 589 2594; x_wconf 89' lang='lat' dir='ltr'>codicibus</span> <span class='ocrx_word' id='word_1_188' title='bbox 640 2561 853 2595; x_wconf 86' lang='lat' dir='ltr'>excusae</span> <span class='ocrx_word' id='word_1_189' title='bbox 895 2561 1007 2595; x_wconf 90' lang='lat' dir='ltr'>esse</span> <span class='ocrx_word' id='word_1_190' title='bbox 1053 2544 1296 2594; x_wconf 87' lang='lat' dir='ltr'>videntur.</span> <span class='ocrx_word' id='word_1_191' title='bbox 1375 2547 1515 2595; x_wconf 90' lang='lat' dir='ltr'>Bona</span> <span class='ocrx_word' id='word_1_192' title='bbox 1548 2550 1639 2598; x_wconf 83' lang='lat' dir='ltr'>est.</span> <span class='ocrx_word' id='word_1_193' title='bbox 1665 2544 1729 2593; x_wconf 93' lang='lat' dir='ltr'>de</span> 
     </span>
     <span class='ocr_line' id='line_1_30' title="bbox 212 2627 1727 2695; baseline -0.001 -19"><span class='ocrx_word' id='word_1_194' title='bbox 212 2646 306 2694; x_wconf 85' lang='lat' dir='ltr'>qua</span> <span class='ocrx_word' id='word_1_195' title='bbox 340 2634 450 2677; x_wconf 86' lang='lat' dir='ltr'>ante</span> <span class='ocrx_word' id='word_1_196' title='bbox 484 2630 746 2678; x_wconf 88' lang='lat' dir='ltr'>memoravi</span> <span class='ocrx_word' id='word_1_197' title='bbox 777 2627 928 2677; x_wconf 88' lang='lat' dir='ltr'>editio</span> <span class='ocrx_word' id='word_1_198' title='bbox 945 2630 1185 2695; x_wconf 88' lang='lat' dir='ltr'>princeps.</span> <span class='ocrx_word' id='word_1_199' title='bbox 1252 2629 1476 2678; x_wconf 90' lang='lat' dir='ltr'>DeVIII</span> <span class='ocrx_word' id='word_1_200' title='bbox 1507 2627 1727 2692; x_wconf 75' lang='lat' dir='ltr'>reliquiS,</span> 
     </span>
     <span class='ocr_line' id='line_1_31' title="bbox 147 2712 1798 2778; baseline 0.001 -18"><span class='ocrx_word' id='word_1_201' title='bbox 147 2729 151 2735; x_wconf 94' lang='lat'>·</span> <span class='ocrx_word' id='word_1_202' title='bbox 212 2727 334 2776; x_wconf 88' lang='lat' dir='ltr'>quae</span> <span class='ocrx_word' id='word_1_203' title='bbox 369 2718 417 2760; x_wconf 90' lang='lat' dir='ltr'>et</span> <span class='ocrx_word' id='word_1_204' title='bbox 465 2714 599 2778; x_wconf 87' lang='lat' dir='ltr'>ipsae</span> <span class='ocrx_word' id='word_1_205' title='bbox 646 2712 803 2760; x_wconf 90' lang='lat' dir='ltr'>bonae</span> <span class='ocrx_word' id='word_1_206' title='bbox 849 2717 975 2772; x_wconf 90' lang='lat' dir='ltr'>sunt,</span> <span class='ocrx_word' id='word_1_207' title='bbox 1023 2729 1118 2760; x_wconf 89' lang='lat' dir='ltr'>una</span> <span class='ocrx_word' id='word_1_208' title='bbox 1163 2712 1461 2761; x_wconf 90' lang='lat' dir='ltr'>Bononiensi</span> <span class='ocrx_word' id='word_1_209' title='bbox 1502 2716 1726 2776; x_wconf 88' lang='lat' dir='ltr'>excepta,</span> <span class='ocrx_word' id='word_1_210' title='bbox 1771 2758 1798 2775; x_wconf 52' lang='lat'>‚.</span> 
     </span>
     <span class='ocr_line' id='line_1_32' title="bbox 213 2793 1725 2861; baseline -0.001 -19"><span class='ocrx_word' id='word_1_211' title='bbox 213 2795 292 2859; x_wconf 90' lang='lat' dir='ltr'>qui</span> <span class='ocrx_word' id='word_1_212' title='bbox 326 2811 466 2843; x_wconf 87' lang='lat' dir='ltr'>unam</span> <span class='ocrx_word' id='word_1_213' title='bbox 501 2797 643 2855; x_wconf 89' lang='lat' dir='ltr'>norit,</span> <span class='ocrx_word' id='word_1_214' title='bbox 678 2809 832 2861; x_wconf 88' lang='lat' dir='ltr'>prope</span> <span class='ocrx_word' id='word_1_215' title='bbox 865 2809 1029 2843; x_wconf 89' lang='lat' dir='ltr'>omnes</span> <span class='ocrx_word' id='word_1_216' title='bbox 1064 2797 1203 2843; x_wconf 87' lang='lat' dir='ltr'>norit.</span> <span class='ocrx_word' id='word_1_217' title='bbox 1272 2794 1493 2859; x_wconf 89' lang='lat' dir='ltr'>Namque</span> <span class='ocrx_word' id='word_1_218' title='bbox 1513 2795 1560 2841; x_wconf 90' lang='lat' dir='ltr'>in</span> <span class='ocrx_word' id='word_1_219' title='bbox 1579 2793 1725 2843; x_wconf 91' lang='lat' dir='ltr'>rebus</span> 
     </span>
     <span class='ocr_line' id='line_1_33' title="bbox 210 2876 1726 2944; baseline -0.001 -19"><span class='ocrx_word' id='word_1_220' title='bbox 210 2877 473 2944; x_wconf 88' lang='lat' dir='ltr'>plerisque,</span> <span class='ocrx_word' id='word_1_221' title='bbox 510 2877 639 2943; x_wconf 91' lang='lat' dir='ltr'>quod</span> <span class='ocrx_word' id='word_1_222' title='bbox 675 2878 736 2927; x_wconf 90' lang='lat' dir='ltr'>de</span> <span class='ocrx_word' id='word_1_223' title='bbox 772 2877 924 2927; x_wconf 88' lang='lat' dir='ltr'>tribus</span> <span class='ocrx_word' id='word_1_224' title='bbox 958 2877 1073 2938; x_wconf 87' lang='lat' dir='ltr'>illis,</span> <span class='ocrx_word' id='word_1_225' title='bbox 1110 2892 1231 2942; x_wconf 90' lang='lat' dir='ltr'>quae</span> <span class='ocrx_word' id='word_1_226' title='bbox 1266 2895 1295 2926; x_wconf 88' lang='lat' dir='ltr'>a</span> <span class='ocrx_word' id='word_1_227' title='bbox 1327 2878 1465 2926; x_wconf 92' lang='lat' dir='ltr'>Bono</span> <span class='ocrx_word' id='word_1_228' title='bbox 1482 2876 1726 2926; x_wconf 83' lang='lat' dir='ltr'>Accursio</span> 
     </span>
    </p>
   </div>
  </div>
 </body>
</html>
