1846 3146
212 193 311 243 526

453 192 512 242 P.
548 192 773 243 OVIDII
803 191 1123 245 NASONIS
1158 192 1501 244 TRISTIUM

212 316 348 365 Rara
381 314 575 380 quidem
608 317 783 378 virtus,
819 333 959 382 quam
992 332 1090 365 non
1122 315 1319 366 fortuna
1351 315 1605 381 gubernet,

282 398 419 459 Quae
451 403 642 447 maneat
675 399 858 460 stabili,
896 415 1002 450 eum
1034 399 1164 464 fugit
1197 400 1287 448 illa
1321 399 1478 466 pede:

1679 369 1819 445 30¹

215 481 277 534 Si
312 498 406 548 qua
439 486 599 530 tamen
631 484 779 548 pretii
813 482 907 531 sibi
940 498 1128 532 merces
1163 485 1271 549 ipsa
1303 483 1462 548 petiti,

280 567 434 630 Inque
465 581 635 631 parum
667 565 814 614 laetis
847 565 1000 614 ardua
1034 566 1180 615 rebus
1215 564 1374 625 adest3

214 649 284 699 Ut
320 654 509 714 tempus
541 663 790 710 numeres,
826 635 915 715 per
948 649 1122 716 secula
1151 648 1289 698 nulla
1322 651 1527 708 tacetur,

282 732 351 782 Et
382 731 497 780 loca
529 733 783 792 mirantur,
821 748 914 796 qua
946 737 1084 798 patet
1117 732 1250 782 orbis
1285 733 1392 780 iter.
1508 763 1514 781 .

262 884 317 917 38.
354 882 513 915 nemum
542 880 608 913 est.
662 881 758 915 ean.
790 867 828 914 ὲι
856 882 952 916 alter

219 940 277 973 est
299 940 479 973 omittunt.
524 939 603 971 Iun.
624 936 750 979 pietas
774 939 812 971 et
833 947 908 972 soc.

262 1018 318 1050 29.
359 1015 562 1050 Gubernet.
629 1018 689 1049 lta
726 1017 763 1049 11
794 1018 882 1050 Vae.
916 1019 954 1050 et

220 1074 322 1107 Maff.
376 1072 486 1106 0101.
538 1073 656 1106 Etiam
678 1073 755 1105 Pal.
779 1072 825 1114 1.,
847 1073 954 1115 Reg.,

218 1131 315 1172 Put.,
326 1131 438 1172 Mor„
449 1131 571 1171 Serv„
583 1129 695 1170 Busl.,
704 1129 741 1162 V
750 1128 814 1160 alii
832 1128 953 1161 Heius.

220 1188 259 1219 et
281 1186 439 1218 eiusdem
463 1187 518 1218 ed.
540 1194 618 1227 pr„
647 1185 751 1226 ReL,
784 1184 892 1218 Grev.
917 1186 956 1217 et
980 1219 982 1222 ,

219 1243 306 1284 Seg·
363 1242 510 1282 Reliqui
536 1240 667 1281 scripti
699 1241 738 1272 et
767 1239 854 1271 editi
881 1247 954 1280 ,qu-

206 1298 369 1331 her-nat.
410 1297 689 1331 coniunctivum
709 1285 895 1335 postulent
913 1302 955 1326 e-

221 1355 309 1388 tiam
331 1354 413 1387 illa:
437 1361 531 1395 quae
553 1351 718 1391 maneat,
740 1359 852 1383 versu
867 1351 955 1384 sub-

220 1410 397 1450 sequenti.
419 1426 465 1434 ·—-
486 1410 580 1451 put„
604 1409 725 1449 Serv„
738 1407 850 1449 Busl.,
861 1408 954 1448 Iun.,

222 1465 346 1508 Goth„
369 1465 467 1508 Rel.,
489 1465 574 1507 Seg.
598 1465 635 1495 et
656 1464 748 1495 vett.
770 1461 849 1494 edd.
868 1459 955 1503 qui—

221 1521 305 1553 dem
328 1521 396 1553 est.

267 1575 493 1608 Gubernare
515 1574 553 1606 in
574 1574 739 1607 Fortuna
763 1576 875 1611 saepe
899 1568 956 1601 di-

222 1631 341 1673 citur,
375 1633 415 1663 ut
437 1631 586 1664 Lucret.
607 1630 658 1672 V,
682 1629 779 1669 108„
812 1625 887 1660 Clo.
910 1624 956 1656 ad

222 1689 300 1721 Διι.
322 1688 388 1728 Ep.
411 1687 460 1728 2.,
482 1685 617 1719 Vellei.
662 1685 739 1717 Pat.
761 1684 806 1715 11.
830 1690 861 1715 c.
882 1681 957 1714 127.

223 1744 295 1777 Sed
320 1739 367 1774 an
389 1742 592 1783 scriptores
621 1740 679 1772 ffli
699 1741 738 1772 in
761 1747 806 1771 eo
829 1737 959 1779 imagi-

222 1805 304 1830 nem
326 1797 529 1838 Fortunae,
556 1804 649 1838 quae
670 1794 959 1836 gubernaculum

223 1860 331 1884 manu
364 1853 506 1884 tenens·
521 1860 632 1893 saepe
666 1852 893 1899 tingebatur,
921 1850 958 1882 in

222 1907 340 1939 animo
361 1907 566 1950 habuerint,
585 1909 680 1948 quod
700 1907 852 1948 putabat
863 1907 958 1938 Bur-

222 1970 390 2004 mannus,
419 1964 657 1995 vehementer
686 1963 821 1995 dubito.
846 1977 893 1986 ·—-
912 1961 959 1994 V-

224 2019 280 2051 30.
314 2017 422 2051 Goth.
445 2018 574 2049 manet
593 2017 633 2049 in
655 2016 794 2049 stabili.

269 2096 323 2129 31.
357 2094 400 2127 Si
423 2103 499 2138 qua
522 2092 826 2134 tamen—petiti.
861 2094 956 2126 Sen-

224 2161 286 2184 sus
310 2153 383 2183 est:
409 2150 443 2183 si
465 2158 541 2192 qua
563 2151 687 2182 tamen
708 2149 844 2187 (virtus
868 2149 957 2190 est),

226 2215 323 2249 quae
351 2205 437 2248 ipsa
465 2204 536 2238 sibi
562 2204 729 2246 pretium
762 2203 866 2236 recte
890 2203 958 2246 fa-

225 2263 375 2295 ctorum
407 2260 478 2303 εἱι,
509 2268 604 2303 quae
625 2259 785 2301 praeter
806 2266 846 2290 se
868 2258 958 2289 nul-

225 2318 304 2350 lam
355 2317 460 2349 recte
513 2316 708 2359 factorum
750 2313 960 2346 mercedem

226 2373 408 2415 quaerat.
425 2384 454 2412 .,·
478 2370 563 2413 illa,
579 2372 868 2410 vet—numeres,
888 2376 961 2410 per

225 2428 549 2461 unna-tacetur
572 2427 609 2460 et
631 2451 640 2460 .
666 2450 675 2458 .
700 2450 709 2458 .
731 2443 775 2451 —

271 2483 396 2518 Pretio·
415 2482 538 2524 petiti,
554 2485 594 2515 ut
606 2481 731 2514 soceri
748 2481 862 2523 petiti
874 2483 961 2515 Met.

225 2542 291 2582 lx,
316 2540 368 2572 11.
396 2556 443 2565 ·-
471 2538 622 2571 Merces
651 2537 789 2580 pretii,
818 2539 858 2570 ut
887 2537 961 2571 Cic.

226 2597 272 2628 de
304 2596 383 2628 Fin.
418 2597 466 2627 11.
498 2603 529 2627 c.
562 2594 616 2626 31.
645 2593 822 2634 probitas
841 2601 962 2635 prae-

226 2649 391 2683 miorum
415 2650 588 2682 mercede
620 2650 791 2682 evocata.
852 2648 962 2680 Mer-

227 2715 288 2739 ces
307 2706 426 2747 pretii
445 2705 572 2751 petiti,
595 2708 635 2738 ut
659 2707 748 2738 Met.
772 2705 819 2745 X,
843 2704 918 2736 627.

294 2782 359 2810 Non
383 2781 444 2809 erit
469 2780 603 2809 invidiae
629 2778 759 2808 victoria
784 2781 888 2807 nostra
914 2777 963 2805 fe—

626 2823 750 2851 rendae.

229 2883 399 2917 ceterum
422 2882 593 2924 frequens
614 2883 705 2916 haee
725 2881 962 2924 philosopho-

1017 890 1097 915 rum
1119 881 1301 914 sententia
1323 881 1418 923 apud
1442 877 1604 922 poetas*
1635 876 1750 912 mau-

1019 938 1113 982 dian.
1121 946 1131 969 ε
1217 976 1224 995 u

1083 1012 1154 1048 Ipsa
1171 1011 1291 1047 quidem
1308 1009 1406 1039 virtus
1422 1009 1552 1046 pretium
1569 1008 1638 1037 sihi.

1020 1083 1085 1116 Sil.
1109 1083 1210 1123 xm,
1233 1081 1310 1113 663.

1085 1156 1156 1192 Ipsa
1174 1154 1296 1191 quidem
1318 1152 1416 1182 virtus
1442 1150 1565 1179 sibimet
1580 1151 1751 1187 pulcherri-

1019 1238 1124 1270 Pont.
1148 1237 1200 1278 11,
1223 1235 1259 1276 3,
1282 1234 1336 1266 85.
1415 1202 1464 1224 Μ
1483 1202 1610 1226 nme*
1631 1202 1638 1210 ’

1087 1311 1359 1319 —————
1374 1303 1430 1332 per
1447 1301 1540 1331 seque
1557 1294 1688 1329 petenda
1705 1296 1754 1324 ent

1132 1342 1279 1372 Externis
1295 1340 1394 1370 virtus
1411 1337 1590 1367 incomitata
1604 1338 1702 1369 bonis,

1022 1402 1083 1436 ubi
1111 1403 1183 1435 vid.
1213 1403 1332 1434 Burm.
1360 1415 1406 1422 —-
1433 1397 1508 1430 Pal.
1533 1396 1580 1438 1.,
1602 1397 1753 1438 Ὲηηο.,

1020 1458 1121 1500 Ριιι.,
1150 1459 1267 1499 Mor„
1297 1457 1424 1497 Serv„
1446 1451 1607 1493 Pii-clm,
1629 1450 1750 1483 Guelf.

1021 1521 1044 1545 a
1065 1513 1098 1545 2.
1121 1522 1181 1555 m.,
1205 1511 1313 1545 Crev.
1336 1512 1374 1542 et
1395 1509 1486 1541 vett.
1510 1507 1591 1540 edd.
1598 1527 1612 1548 ,
1643 1506 1754 1539 etiam

1021 1567 1162 1601 Heinsii
1183 1567 1240 1599 ed.
1262 1575 1317 1608 pr.
1337 1562 1450 1606 petiti
1480 1561 1550 1594 est.
1600 1561 1683 1594 -Sed
1705 1569 1751 1593 o-

1021 1624 1144 1657 missio
1167 1621 1273 1656 verbi
1295 1620 1353 1653 est
1373 1620 1442 1651 hoe
1459 1617 1546 1650 loeo
1561 1617 1676 1649 minus
1691 1616 1753 1648 of-

1025 1679 1162 1721 fendit,
1196 1677 1278 1719 quia
1308 1675 1345 1708 in
1378 1681 1491 1707 versu
1519 1671 1688 1713 sequenti
1715 1671 1755 1704 e't

1025 1735 1149 1766 eadem
1161 1732 1343 1766 sententia
1355 1729 1518 1771 sequitur
1531 1727 1650 1760 adest.
1671 1725 1756 1758 nel.

1025 1791 1187 1831 est‘post
1207 1785 1324 1830 pretii
1346 1785 1468 1826 habet,
1491 1785 1528 1815 et
1545 1784 1622 1815 Iun.
1639 1782 1754 1814 utro-

1024 1853 1094 1888 que
1123 1845 1218 1877 lo'co.
1245 1859 1290 1868 -·
1319 1843 1406 1876 Exc.
1435 1841 1544 1872 VosS.
1566 1836 1600 1870 εἰ
1630 1845 1754 1880 quan·
1816 1833 1826 1845 ²

1025 1902 1104 1935 tum
1125 1900 1226 1943 pret.
1266 1901 1403 1932 Bersm.
1421 1892 1489 1927 tibi
1502 1900 1658 1925 merces.
1681 1893 1757 1924 Be-

1024 1958 1096 1991 rol.
1118 1956 1204 1997 ipsa
1225 1955 1350 1998 poe'ta.
1398 1951 1480 1984 nel.
1502 1957 1529 2000 a¹
1549 1948 1580 1981 1.
1603 1957 1648 1980 m.
1669 1946 1753 1979 illa.

1024 2015 1115 2055 neg.
1141 2012 1311 2054 petitum.
1367 2006 1473 2042 Goth.
1504 2012 1528 2036 a
1558 2003 1590 2035 1.
1617 2011 1663 2041 m.
1683 2009 1754 2043 pe-

1026 2067 1099 2099 tica
1123 2067 1188 2099 est.
1246 2068 1330 2099 Vat.
1353 2067 1406 2109 1.,
1439 2059 1559 2092 Guelf·
1587 2062 1611 2090 θ’
1640 2057 1671 2090 Ῑ·
1692 2067 1755 2100 mv

1023 2112 1099 2144 Pal.
1123 2113 1171 2152 2.,
1194 2113 1321 2143 Dresd.
1344 2120 1412 2152 pro
1436 2121 1472 2144 v·
1490 2122 1563 2146 scr.
1583 2112 1753 2154 pretium

1024 2166 1095 2198 sibi
1116 2174 1259 2205 merces
1271 2165 1358 2206 ipsa
1368 2166 1539 2207 petitum.
1585 2168 1674 2209 Reg.
1685 2175 1754 2208 pro

1025 2231 1061 2254 v.
1085 2230 1157 2254 scr.
1181 2221 1214 2253 si
1244 2222 1368 2254 tamen
1398 2223 1472 2265 est,
1500 2221 1667 2265 pretium
1696 2219 1757 2253 cui

1025 2276 1150 2310 virtus
1170 2275 1257 2318 ipsa
1275 2276 1447 2318 petitum.
1496 2278 1593 2311 Busl.
1616 2277 1650 2310 si
1681 2285 1757 2319 qua

1028 2334 1152 2366 tamen
1185 2331 1304 2374 pretii
1332 2334 1390 2366 est
1423 2343 1472 2379 (ιο
1509 2332 1636 2366 vinces
1669 2332 1756 2375 ipsa

1025 2387 1178 2432 petenti.

1072 2469 1126 2501 32.
1159 2465 1307 2508 Ardua,
1329 2469 1472 2509 erecta,
1491 2473 1564 2498 non
1582 2463 1757 2496 iuckinata

1027 2526 1090 2556 aut
1113 2524 1245 2556 fracta.
1289 2522 1412 2555 Berol.
1426 2519 1555 2563 aleria
1576 2528 1652 2552 non
1673 2515 1758 2551 lae-

1028 2578 1077 2611 tis
1099 2579 1236 2613 ardua.
1283 2578 1391 2612 Crev.
1408 2577 1515 2610 inest.
1559 2578 1658 2609 Unus
1670 2576 1757 2608 Vat-

1027 2632 1112 2676 ipsa
1132 2641 1282 2674 parum.

1073 2713 1127 2744 33.
1167 2710 1216 2743 Ut
1246 2710 1389 2750 tempus
1417 2717 1599 2742 numeres.
1670 2709 1758 2742 Vat.

1030 2769 1067 2799 ΙΙ
1091 2771 1128 2800 et
1150 2766 1249 2800 Maff.
1271 2766 1316 2797 nt
1338 2766 1492 2805 tempus.
1522 2762 1632 2796 διον.
1663 2763 1757 2803 Ριιι.,

1029 2823 1119 2864 lun.,
1142 2823 1219 2854 Pol.
1243 2822 1288 2864 1.,
1312 2821 1366 2854 1v
1387 2821 1450 2854 alii
1472 2820 1595 2852 Heius.
1619 2820 1656 2851 et
1668 2819 1758 2850 vett.

1029 2879 1109 2911 edd.
1131 2877 1164 2911 si
1187 2878 1342 2918 tempus.
1387 2876 1531 2918 Reliqui
1557 2881 1680 2908 omnes
1703 2871 1756 2905 ut.
