1846 3146
185 185 289 235 266

427 183 485 234 Ρ.
521 182 745 235 OVIDH
778 181 1096 235 NASONIS
1131 183 1474 236 TRISTIUM

186 307 268 356 Tu
303 321 495 372 quoque
527 305 739 355 formida
769 307 963 356 nimium
995 306 1220 356 sublimia
1253 322 1461 374 semper,

251 390 600 457 Propositique
633 403 814 456 precor
844 389 1079 439 contrahe
1113 389 1232 439 vela
1265 392 1350 440 tui.

184 474 315 523 Nam
348 473 478 540 pede
511 474 752 523 inoffenso
786 475 992 539 spatium
1028 471 1295 522 decurrere
1325 475 1463 523 vitae

250 557 446 622 Dignus
480 572 551 618 eS,
587 561 639 606 et
670 557 775 606 fato
811 555 1099 606 candidiore
1133 555 1256 604 frui.{

186 640 327 702 Quae
359 655 452 706 pro
483 643 535 688 te
567 644 621 688 ut
653 647 884 701 voveam,
917 641 1021 689 miti
1054 640 1237 705 pietate
1271 639 1474 688 mereris

1657 638 1725 689 35

249 723 574 788 Haesuraque
606 722 722 772 mihi
753 727 942 790 tempus
975 724 1027 770 in
1059 736 1201 771 omne
1234 720 1347 770 fide.

168 806 310 856 -Vidi
343 822 440 871 ego
473 811 525 856 te
558 805 648 855 tali
680 805 825 856 vultu
856 820 963 854 mea
994 805 1099 854 fata
1134 810 1420 868 gementem,

253 889 460 950 Qualem
493 888 732 940 credibile
767 893 844 938 est
878 902 965 937 ore
999 887 1156 935 fuisse
1187 902 1320 946 me03

185 972 376 1022 Nostra
407 978 517 1023 tuas
551 971 660 1041 vidi
693 971 920 1021 lacrimas
953 984 1102 1037 super
1135 984 1224 1018 ora
1264 968 1516 1044 cadentes,

252 1056 500 1124 Tempore
534 1073 653 1122 quas
686 1071 784 1107 uno
819 1054 1014 1119 fidaque
1047 1052 1204 1102 verba
1234 1053 1350 1103 bibi.

228 1225 284 1258 32.
318 1224 478 1257 Precor.
523 1223 689 1256 Heinsius
702 1223 840 1266 primus
854 1229 919 1255 re-

184 1281 285 1322 cepit
305 1288 460 1322 memor,
484 1288 565 1313 oum
577 1279 690 1321 Busl.,
713 1278 857 1311 Pirckh.
881 1280 919 1311 et

183 1339 220 1368 11
243 1337 325 1369 aliis
349 1339 386 1369 et
408 1337 464 1368 ed.
487 1336 624 1368 Bonon.
680 1335 753 1367 Sed
775 1341 918 1366 memor

183 1393 216 1426 si
237 1394 480 1434 scriberetur,
502 1393 572 1424 hoc
587 1389 814 1432 propositum
826 1388 917 1421 ami-

182 1458 249 1483 cus
272 1450 451 1483 iamante
473 1448 669 1482 habuisset-
723 1448 773 1479 At
804 1445 918 1487 poeta

182 1506 301 1537 amico
325 1505 469 1546 suadet,
492 1505 534 1536 ut
562 1503 660 1535 intra
676 1502 918 1536 ,mediocrita-

184 1565 256 1594 tem
279 1570 320 1593 se
344 1560 546 1602 contineat,
568 1566 640 1591 neu
651 1561 740 1590 vota
750 1565 817 1589 sua
832 1557 918 1589 lon-

181 1617 265 1659 gius
311 1616 494 1649 extendat.
565 1614 719 1647 Accedit
764 1612 920 1645 omnium

148 1705 151 1708 Α
182 1680 301 1713 prope
324 1674 414 1704 vett.
435 1669 612 1704 librorum
623 1670 660 1701 in
674 1669 809 1710 optIma
821 1667 918 1699 scri-

141 1756 143 1759 ,
183 1730 294 1767 ptura
301 1735 446 1767 precor
459 1734 679 1768 consensus..
713 1724 817 1758 Conf.
831 1724 918 1756 Hor.

182 1782 250 1814 0d.
280 1784 313 1824 1,
344 1785 380 1825 5,
410 1783 479 1824 17.,
508 1782 560 1823 11,
589 1780 644 1812 10.
674 1779 710 1812 in
741 1780 827 1820 fine,
860 1777 923 1810 ubi

183 1838 256 1869 vid.
280 1838 501 1879 Mitscherl„
520 1841 558 1870 et
579 1837 683 1869 Pont.
706 1836 741 1876 1,
763 1834 800 1876 8,
822 1833 876 1866 72.

229 1925 284 1956 33.
318 1925 550 1961 Decurrere.
609 1926 685 1959 Pal,
708 1926 741 1961 2.
772 1926 809 1957 et
831 1925 922 1956 vett.

183 1982 265 2012 edd.
287 1988 536 2020 procurrere.
581 1980 726 2012 Pirckh.
745 1982 782 2010 et
793 1980 921 2011 Dresd.

184 2045 255 2077 pro
270 2046 305 2069 v.
322 2046 395 2070 scr.
406 2043 652 2078 percurrere.
699 2036 831 2067 Franc.
851 2043 920 2076 pro

184 2101 221 2124 v.
243 2100 315 2124 scr.
338 2100 428 2124 nam
448 2100 521 2132 per
541 2087 760 2133 inoffensae.

232 2169 434 2215 Inoffenw.
479 2169 563 2202 Vid.
585 2171 617 2212 I,
641 2170 677 2212 9,
704 2169 734 2202 1.

231 2258 285 2291 34.
320 2256 572 2299 candidiore,
606 2252 776 2295 laetiore.
842 2259 919 2292 Tib.

189 2315 257 2357 111,
281 2314 316 2355 6,
339 2313 394 2346 230.
441 2332 445 2337 ι

253 2400 302 2430 Sis
320 2400 396 2429 felix
413 2403 445 2429 et
461 2401 523 2430 sint
541 2402 670 2430 candida
688 2401 751 2430 sata
769 2374 830 2429 tua..

186 2482 271 2514 Vid.
294 2483 370 2514 not.
392 2482 438 2513 ad
461 2481 512 2523 V,
534 2482 571 2524 5,
593 2481 626 2514 8.

229 2570 284 2603 35.
319 2572 418 2603 Unus
429 2570 567 2604 Heinsii
587 2570 633 2602 ut
643 2570 784 2603 omittit.
821 2569 942 2604 Vett.'

187 2626 268 2658 edd.
292 2626 394 2667 quod
408 2635 484 2666 pro
503 2628 540 2659 te
554 2627 608 2658 ut.
638 2627 759 2659 Berol.
784 2629 821 2659 et
845 2629 922 2659 lun.

183 2681 256 2713 hoc
275 2690 351 2722 pro
375 2682 412 2714 te
434 2683 487 2714 ut.
533 2682 633 2715 Leid.
655 2682 754 2715 tanti
772 2682 923 2724 pietate.

194 2738 259 2770 Ed.
281 2738 418 2770 Bonon.
441 2737 568 2771 meriti
587 2738 741 2780 pietate.

235 2827 288 2861 36.
326 2826 504 2859 Haesura
536 2826 647 2869 milei,
691 2827 812 2859 animo
844 2834 924 2859 meo

194 2883 305 2923 infixa
327 2891 506 2916 mansura.
551 2884 657 2919 conf.
682 2893 716 2915 v.
740 2884 802 2915 63.-

1658 1053 1724 1102 40

1029 1221 1084 1253 37.
1121 1219 1239 1251 Vultu
1272 1226 1319 1251 ne
1358 1227 1439 1252 cum
1470 1220 1619 1253 Heinsio
1653 1230 1717 1253 su-

982 1279 1149 1318 spectum
1171 1277 1234 1308 aut
1255 1282 1330 1307 non
1353 1273 1563 1317 Ovidianum
1578 1265 1716 1309 habe'a-

983 1341 1077 1374 mus,
1099 1332 1224 1363 monet
1244 1329 1324 1371 ipsa
1342 1332 1566 1363 consuetudo
1590 1332 1717 1365 dicen-

984 1388 1020 1420 di
1047 1385 1335 1428 significatioque
1365 1385 1563 1419 verborum
1591 1388 1721 1419 vultus

984 1446 1021 1475 et
1045 1450 1099 1484 οε,
1123 1443 1160 1474 et
1183 1443 1240 1474 est
1252 1440 1417 1483 geminus
1434 1430 1539 1474 locus
1562 1445 1652 1478 Met.
1670 1444 1722 1487 V,

983 1499 1060 1531 2⁰6.

1051 1573 1284 1607 marmoreoque
1302 1573 1405 1600 manet
1421 1572 1523 1600 vultus
1538 1570 1676 1599 mirantis
1694 1571 1726 1599 in

1383 1623 1452 1644 ore.

986 1687 1090 1722 Conf.
1113 1686 1222 1720 Trist.
1246 1687 1315 1728 111,
1337 1689 1374 1728 5,
1398 1685 1450 1718 11.
1495 1684 1549 1716 De
1568 1691 1636 1714 ore
1650 1692 1719 1724 pro

984 1741 1035 1774 in*
1050 1751 1116 1774 ore
1138 1743 1211 1774 vid.
1235 1743 1323 1774 Met.
1349 1742 1417 1783 111,
1432 1741 1524 1781 408„
1546 1739 1726 1781 V11,547.

987 1801 1026 1831 et
1047 1799 1189 1838 Zumpt.
1213 1797 1371 1830 Gramm.
1393 1796 1436 1828 L.
1460 1796 1494 1836 S.
1506 1794 1582 1826 481.
1621 1794 1721 1827 Busl.

987 1852 1066 1886 vidi
1091 1853 1126 1886 te
1150 1853 1277 1885 talem.
1322 1851 1402 1884 Bel.
1425 1849 1535 1883 vultu
1557 1850 1648 1883 tali.'

1031 1943 1087 1975 39.
1119 1940 1217 1973 Busl.
1249 1939 1425 1972 caducas.
1477 1940 1561 1974 Vid.
1584 1943 1653 1984 111,
1685 1943 1722 1983 3,

993 1997 1048 2030 41.
1096 1996 1201 2030 conf.
1223 1996 1326 2027 Pont.
1350 1996 1382 2037 1,
1405 1995 1442 2037 9,
1465 1996 1519 2028 19.
1563 1998 1660 2030 Mor.
1689 1999 1728 2029 et

987 2053 1119 2107 Franc3
1144 2049 1331 2082 lacrimas
1351 2048 1442 2081 vidi.

1033 2140 1087 2172 40.
1117 2136 1215 2171 Bibi.
1255 2138 1470 2179 Vett.edd.,
1482 2137 1595 2180 Gall„
1607 2139 1724 2180 Mor„

986 2194 1022 2227 V
1051 2193 1113 2225 alii
1136 2193 1286 2233 Heins.,
1319 2193 1449 2235 Bern.,
1480 2194 1565 2225 item
1596 2203 1664 2235 pro
1688 2204 1725 2226 v.

986 2257 1060 2280 scr.
1089 2249 1216 2280 Dresd.
1251 2251 1289 2280 et
1321 2249 1402 2280 Rel.
1437 2248 1582 2291 dabas,
1633 2257 1727 2290 quae

987 2304 1172 2345 scriptura
1213 2305 1259 2335 ad
1293 2303 1477 2336 lacrimas
1514 2305 1606 2337 satis
1639 2306 1727 2346 apta

989 2363 1046 2392 est
1069 2361 1159 2398 (vid.
1183 2360 1319 2392 indices
1343 2361 1496 2402 Ovidii),
1518 2363 1557 2393 at
1578 2369 1651 2393 non
1673 2361 1720 2392 ad

987 2415 1128 2447 verba:
1159 2424 1243 2452 nam
1266 2416 1385 2448 verba
1408 2416 1504 2448 dare
1527 2418 1585 2448 est
1603 2415 1724 2457 falle-

988 2478 1051 2510 re,
1086 2473 1126 2502 ut
1158 2479 1272 2512 supra
1309 2472 1506 2504 docuimus.
1574 2472 1724 2511 Integra.

989 2528 1046 2558 est
1066 2526 1250 2566 scriptura
1284 2527 1439 2559 omnium
1468 2534 1583 2567 prope
1619 2527 1726 2558 codd.

989 2580 1073 2613 bibi.
1117 2581 1222 2615 Conf.
1246 2583 1313 2624 111,
1336 2584 1372 2624 5,
1398 2581 1450 2614 14.
1473 2583 1511 2614 et
1527 2583 1636 2622 Prop.
1655 2582 1726 2623 111,

989 2637 1026 2679 4,
1048 2638 1080 2670 8.
1114 2654 1159 2660 —
1188 2637 1284 2670 Busl.
1313 2645 1338 2668 a
1367 2637 1399 2669 1.
1421 2645 1465 2668 m.
1489 2635 1629 2669 et'Rel.
1654 2645 1723 2676 pro

991 2703 1026 2725 v.
1047 2702 1121 2725 scr.
1151 2691 1248 2724 dedi.
1306 2693 1397 2733 Reg.
1429 2689 1508 2722 tuli.
1565 2690 1641 2722 Pal.
1679 2691 1726 2732 1.,
1782 2714 1796 2725 .

992 2750 1076 2781 Vat.
1102 2748 1132 2780 1.
1155 2751 1193 2780 et
1216 2749 1249 2781 2.
1273 2750 1311 2780 ct
1335 2749 1369 2780 11
1395 2746 1458 2780 alii
1487 2743 1607 2778 Heius.
1636 2753 1725 2777 ver-

993 2804 1111 2845 baque
1131 2801 1220 2846 fida.
