<?xml version="1.0" encoding="UTF-8"?>
<!DOCTYPE html PUBLIC "-//W3C//DTD XHTML 1.0 Transitional//EN"
    "http://www.w3.org/TR/xhtml1/DTD/xhtml1-transitional.dtd">
<html xmlns="http://www.w3.org/1999/xhtml" xml:lang="en" lang="en">
 <head>
  <title>
</title>
<meta http-equiv="Content-Type" content="text/html;charset=utf-8" />
  <meta name='ocr-system' content='tesseract 3.04.00' />
  <meta name='ocr-capabilities' content='ocr_page ocr_carea ocr_par ocr_line ocrx_word'/>
</head>
<body>
  <div class='ocr_page' id='page_1' title='image "./tristiumlibriqui00oviduoft_0180.png"; bbox 0 0 1846 3146; ppageno 0'>
   <div class='ocr_carea' id='block_1_1' title="bbox 183 152 283 204">
    <p class='ocr_par' dir='ltr' id='par_1_1' title="bbox 183 152 283 204">
     <span class='ocr_line' id='line_1_1' title="bbox 183 152 283 204; baseline -0.02 0"><span class='ocrx_word' id='word_1_1' title='bbox 183 152 283 204; x_wconf 76' lang='lat'>142</span> 
     </span>
    </p>
   </div>
   <div class='ocr_carea' id='block_1_2' title="bbox 451 154 1501 210">
    <p class='ocr_par' dir='ltr' id='par_1_2' title="bbox 451 154 1501 210">
     <span class='ocr_line' id='line_1_2' title="bbox 451 154 1501 210; baseline 0.006 -6"><span class='ocrx_word' id='word_1_2' title='bbox 451 155 508 204; x_wconf 93' lang='grc' dir='ltr'>Ρ.</span> <span class='ocrx_word' id='word_1_3' title='bbox 545 154 769 206; x_wconf 90' lang='lat' dir='ltr'>OVIDII</span> <span class='ocrx_word' id='word_1_4' title='bbox 803 155 1120 207; x_wconf 84' lang='lat' dir='ltr'>NASONIS</span> <span class='ocrx_word' id='word_1_5' title='bbox 1157 158 1501 210; x_wconf 84' lang='lat' dir='ltr'><strong>TRISTIUM</strong></span> 
     </span>
    </p>
   </div>
   <div class='ocr_carea' id='block_1_3' title="bbox 183 275 1561 347">
    <p class='ocr_par' dir='ltr' id='par_1_3' title="bbox 183 275 1561 347">
     <span class='ocr_line' id='line_1_3' title="bbox 183 275 1561 347; baseline 0.007 -24"><span class='ocrx_word' id='word_1_6' title='bbox 183 276 281 324; x_wconf 91' lang='lat' dir='ltr'>Illa</span> <span class='ocrx_word' id='word_1_7' title='bbox 317 275 511 340; x_wconf 88' lang='lat' dir='ltr'>quidem</span> <span class='ocrx_word' id='word_1_8' title='bbox 545 280 674 326; x_wconf 83' lang='lat' dir='ltr'>iusta</span> <span class='ocrx_word' id='word_1_9' title='bbox 708 284 800 339; x_wconf 84' lang='lat' dir='ltr'>est,</span> <span class='ocrx_word' id='word_1_10' title='bbox 838 294 931 328; x_wconf 86' lang='lat' dir='ltr'>nec</span> <span class='ocrx_word' id='word_1_11' title='bbox 964 295 1040 328; x_wconf 91' lang='lat' dir='ltr'>me</span> <span class='ocrx_word' id='word_1_12' title='bbox 1075 283 1310 330; x_wconf 83' lang='lat' dir='ltr'>meruisse</span> <span class='ocrx_word' id='word_1_13' title='bbox 1343 282 1561 347; x_wconf 81' lang='lat' dir='ltr'>negabo:</span> 
     </span>
    </p>
   </div>
   <div class='ocr_carea' id='block_1_4' title="bbox 251 359 1330 430">
    <p class='ocr_par' dir='ltr' id='par_1_4' title="bbox 251 359 1330 430">
     <span class='ocr_line' id='line_1_4' title="bbox 251 359 1330 430; baseline 0.006 -23"><span class='ocrx_word' id='word_1_14' title='bbox 251 360 369 408; x_wconf 86' lang='lat' dir='ltr'>Nou</span> <span class='ocrx_word' id='word_1_15' title='bbox 405 359 532 408; x_wconf 87' lang='lat' dir='ltr'>adeo</span> <span class='ocrx_word' id='word_1_16' title='bbox 569 366 740 409; x_wconf 84' lang='lat' dir='ltr'>nostro</span> <span class='ocrx_word' id='word_1_17' title='bbox 775 362 904 426; x_wconf 78' lang='lat' dir='ltr'>fugit</span> <span class='ocrx_word' id='word_1_18' title='bbox 938 363 998 411; x_wconf 90' lang='lat' dir='ltr'>ab</span> <span class='ocrx_word' id='word_1_19' title='bbox 1034 379 1122 412; x_wconf 89' lang='lat' dir='ltr'>ore</span> <span class='ocrx_word' id='word_1_20' title='bbox 1156 363 1330 430; x_wconf 88' lang='lat' dir='ltr'>pudor.</span> 
     </span>
    </p>
   </div>
   <div class='ocr_carea' id='block_1_5' title="bbox 1654 365 1720 414">
    <p class='ocr_par' dir='ltr' id='par_1_5' title="bbox 1654 365 1720 414">
     <span class='ocr_line' id='line_1_5' title="bbox 1654 365 1720 414; baseline 0 0"><span class='ocrx_word' id='word_1_21' title='bbox 1654 365 1720 414; x_wconf 87' lang='lat'>30</span> 
     </span>
    </p>
   </div>
   <div class='ocr_carea' id='block_1_6' title="bbox 184 442 1578 761">
    <p class='ocr_par' dir='ltr' id='par_1_6' title="bbox 185 442 1578 579">
     <span class='ocr_line' id='line_1_6' title="bbox 185 442 1578 514; baseline 0.003 -21"><span class='ocrx_word' id='word_1_22' title='bbox 185 442 308 502; x_wconf 85' lang='lat' dir='ltr'><strong>Sed,</strong></span> <span class='ocrx_word' id='word_1_23' title='bbox 347 445 441 490; x_wconf 62' lang='lat' dir='ltr'>nisi</span> <span class='ocrx_word' id='word_1_24' title='bbox 476 458 776 509; x_wconf 79' lang='lat' dir='ltr'>peccassem,</span> <span class='ocrx_word' id='word_1_25' title='bbox 813 445 930 510; x_wconf 86' lang='lat' dir='ltr'>quid</span> <span class='ocrx_word' id='word_1_26' title='bbox 963 452 1016 495; x_wconf 94' lang='lat' dir='ltr'>tu</span> <span class='ocrx_word' id='word_1_27' title='bbox 1051 446 1330 496; x_wconf 82' lang='lat' dir='ltr'>concedere</span> <span class='ocrx_word' id='word_1_28' title='bbox 1364 447 1578 514; x_wconf 68' lang='lat' dir='ltr'>posses?</span> 
     </span>
     <span class='ocr_line' id='line_1_7' title="bbox 250 527 1385 579; baseline 0.005 -6"><span class='ocrx_word' id='word_1_29' title='bbox 250 527 510 574; x_wconf 80' lang='lat' dir='ltr'>Materiam</span> <span class='ocrx_word' id='word_1_30' title='bbox 547 529 727 576; x_wconf 84' lang='lat' dir='ltr'>veniae</span> <span class='ocrx_word' id='word_1_31' title='bbox 762 544 872 578; x_wconf 83' lang='lat' dir='ltr'>sors</span> <span class='ocrx_word' id='word_1_32' title='bbox 906 530 996 578; x_wconf 93' lang='lat' dir='ltr'>tibi</span> <span class='ocrx_word' id='word_1_33' title='bbox 1029 536 1198 578; x_wconf 82' lang='lat' dir='ltr'>nostra</span> <span class='ocrx_word' id='word_1_34' title='bbox 1233 529 1385 579; x_wconf 81' lang='lat' dir='ltr'>dedit.</span> 
     </span>
    </p>

    <p class='ocr_par' dir='ltr' id='par_1_7' title="bbox 184 607 1556 761">
     <span class='ocr_line' id='line_1_8' title="bbox 184 607 1556 681; baseline 0.004 -24"><span class='ocrx_word' id='word_1_35' title='bbox 184 607 258 669; x_wconf 84' lang='lat' dir='ltr'>Si,</span> <span class='ocrx_word' id='word_1_36' title='bbox 294 611 488 681; x_wconf 86' lang='lat' dir='ltr'>quoties</span> <span class='ocrx_word' id='word_1_37' title='bbox 523 615 732 678; x_wconf 82' lang='lat' dir='ltr'>peccant</span> <span class='ocrx_word' id='word_1_38' title='bbox 765 611 1000 673; x_wconf 81' lang='lat' dir='ltr'>homines,</span> <span class='ocrx_word' id='word_1_39' title='bbox 1036 630 1126 662; x_wconf 82' lang='lat' dir='ltr'>sua</span> <span class='ocrx_word' id='word_1_40' title='bbox 1159 614 1364 663; x_wconf 83' lang='lat' dir='ltr'><strong>fulmina</strong></span> <span class='ocrx_word' id='word_1_41' title='bbox 1398 616 1556 663; x_wconf 84' lang='lat' dir='ltr'>mittat</span> 
     </span>
     <span class='ocr_line' id='line_1_9' title="bbox 251 692 1311 761; baseline 0.006 -21"><span class='ocrx_word' id='word_1_42' title='bbox 251 692 459 758; x_wconf 80' lang='lat' dir='ltr'>Iupiter3</span> <span class='ocrx_word' id='word_1_43' title='bbox 498 696 681 757; x_wconf 83' lang='lat' dir='ltr'>exiguo</span> <span class='ocrx_word' id='word_1_44' title='bbox 717 701 935 761; x_wconf 89' lang='lat' dir='ltr'>tempore</span> <span class='ocrx_word' id='word_1_45' title='bbox 971 699 1167 746; x_wconf 83' lang='lat' dir='ltr'>inermis</span> <span class='ocrx_word' id='word_1_46' title='bbox 1205 700 1311 746; x_wconf 83' lang='lat' dir='ltr'>erit.</span> 
     </span>
    </p>
   </div>
   <div class='ocr_carea' id='block_1_7' title="bbox 183 773 1520 850">
    <p class='ocr_par' dir='ltr' id='par_1_8' title="bbox 183 773 1520 850">
     <span class='ocr_line' id='line_1_10' title="bbox 183 773 1520 850; baseline 0.004 -25"><span class='ocrx_word' id='word_1_47' title='bbox 183 775 298 835; x_wconf 83' lang='lat' dir='ltr'>Hic,</span> <span class='ocrx_word' id='word_1_48' title='bbox 336 776 419 824; x_wconf 93' lang='lat' dir='ltr'>ubi</span> <span class='ocrx_word' id='word_1_49' title='bbox 454 775 691 837; x_wconf 86' lang='lat' dir='ltr'>detonuit,</span> <span class='ocrx_word' id='word_1_50' title='bbox 729 773 1031 844; x_wconf 82' lang='lat' dir='ltr'>strepituque</span> <span class='ocrx_word' id='word_1_51' title='bbox 1067 785 1306 850; x_wconf 81' lang='lat' dir='ltr'>exterruit</span> <span class='ocrx_word' id='word_1_52' title='bbox 1339 782 1520 843; x_wconf 86' lang='lat' dir='ltr'>orbem,</span> 
     </span>
    </p>
   </div>
   <div class='ocr_carea' id='block_1_8' title="bbox 1654 779 1722 829">
    <p class='ocr_par' dir='ltr' id='par_1_9' title="bbox 1654 779 1722 829">
     <span class='ocr_line' id='line_1_11' title="bbox 1654 779 1722 829; baseline 0 0"><span class='ocrx_word' id='word_1_53' title='bbox 1654 779 1722 829; x_wconf 82' lang='lat'>35</span> 
     </span>
    </p>
   </div>
   <div class='ocr_carea' id='block_1_9' title="bbox 185 858 1562 1092">
    <p class='ocr_par' dir='ltr' id='par_1_10' title="bbox 185 858 1562 1092">
     <span class='ocr_line' id='line_1_12' title="bbox 250 858 1562 928; baseline 0.008 -22"><span class='ocrx_word' id='word_1_54' title='bbox 250 858 432 907; x_wconf 87' lang='lat' dir='ltr'>Purum</span> <span class='ocrx_word' id='word_1_55' title='bbox 468 858 708 912; x_wconf 82' lang='lat' dir='ltr'>discussis</span> <span class='ocrx_word' id='word_1_56' title='bbox 743 867 861 909; x_wconf 76' lang='lat' dir='ltr'>aera</span> <span class='ocrx_word' id='word_1_57' title='bbox 893 861 1060 911; x_wconf 82' lang='lat' dir='ltr'>reddit</span> <span class='ocrx_word' id='word_1_58' title='bbox 1099 866 1253 928; x_wconf 80' lang='lat' dir='ltr'>aquis.</span> <span class='ocrx_word' id='word_1_59' title='bbox 1558 910 1562 917; x_wconf 88' lang='grc'>,</span> 
     </span>
     <span class='ocr_line' id='line_1_13' title="bbox 185 942 1557 1014; baseline 0.005 -25"><span class='ocrx_word' id='word_1_60' title='bbox 185 942 299 990; x_wconf 90' lang='lat' dir='ltr'>Iure</span> <span class='ocrx_word' id='word_1_61' title='bbox 335 943 488 1007; x_wconf 85' lang='lat' dir='ltr'>igitur</span> <span class='ocrx_word' id='word_1_62' title='bbox 522 944 816 1007; x_wconf 85' lang='lat' dir='ltr'>genitorque</span> <span class='ocrx_word' id='word_1_63' title='bbox 851 943 991 993; x_wconf 89' lang='lat' dir='ltr'>deum</span> <span class='ocrx_word' id='word_1_64' title='bbox 1028 952 1288 1011; x_wconf 85' lang='lat' dir='ltr'>rectorque</span> <span class='ocrx_word' id='word_1_65' title='bbox 1323 953 1557 1014; x_wconf 82' lang='lat' dir='ltr'>vocatur3</span> 
     </span>
     <span class='ocr_line' id='line_1_14' title="bbox 248 1025 1455 1092; baseline 0.004 -19"><span class='ocrx_word' id='word_1_66' title='bbox 248 1026 364 1074; x_wconf 90' lang='lat' dir='ltr'>Iure</span> <span class='ocrx_word' id='word_1_67' title='bbox 400 1041 562 1092; x_wconf 84' lang='lat' dir='ltr'>capax</span> <span class='ocrx_word' id='word_1_68' title='bbox 594 1025 800 1075; x_wconf 77' lang='lat' dir='ltr'>muudus</span> <span class='ocrx_word' id='word_1_69' title='bbox 834 1028 906 1076; x_wconf 89' lang='lat' dir='ltr'>nil</span> <span class='ocrx_word' id='word_1_70' title='bbox 939 1029 1081 1078; x_wconf 87' lang='lat' dir='ltr'>Iove</span> <span class='ocrx_word' id='word_1_71' title='bbox 1102 1032 1253 1078; x_wconf 81' lang='lat' dir='ltr'>maius</span> <span class='ocrx_word' id='word_1_72' title='bbox 1293 1027 1455 1078; x_wconf 81' lang='lat' dir='ltr'>habet.</span> 
     </span>
    </p>
   </div>
   <div class='ocr_carea' id='block_1_10' title="bbox 184 1088 1635 1266">
    <p class='ocr_par' dir='ltr' id='par_1_11' title="bbox 184 1088 1635 1266">
     <span class='ocr_line' id='line_1_15' title="bbox 184 1088 1635 1180; baseline 0.005 -23"><span class='ocrx_word' id='word_1_73' title='bbox 184 1108 265 1157; x_wconf 86' lang='lat' dir='ltr'>Tu</span> <span class='ocrx_word' id='word_1_74' title='bbox 301 1123 514 1174; x_wconf 73' lang='lat' dir='ltr'>quoque,</span> <span class='ocrx_word' id='word_1_75' title='bbox 548 1124 655 1157; x_wconf 90' lang='lat' dir='ltr'>cum</span> <span class='ocrx_word' id='word_1_76' title='bbox 688 1111 879 1175; x_wconf 84' lang='lat' dir='ltr'>patriae</span> <span class='ocrx_word' id='word_1_77' title='bbox 912 1117 1079 1161; x_wconf 86' lang='lat' dir='ltr'>rector</span> <span class='ocrx_word' id='word_1_78' title='bbox 1114 1112 1282 1172; x_wconf 86' lang='lat' dir='ltr'>dicare</span> <span class='ocrx_word' id='word_1_79' title='bbox 1317 1088 1570 1180; x_wconf 74' lang='lat' dir='ltr'>paterque,</span> <span class='ocrx_word' id='word_1_80' title='bbox 1633 1112 1635 1114; x_wconf 69' lang='grc'><strong>’</strong></span> 
     </span>
     <span class='ocr_line' id='line_1_16' title="bbox 195 1191 1345 1266; baseline 0.003 -25"><span class='ocrx_word' id='word_1_81' title='bbox 195 1261 198 1266; x_wconf 29' lang='lat'><em>¹</em></span> <span class='ocrx_word' id='word_1_82' title='bbox 250 1193 407 1242; x_wconf 89' lang='lat' dir='ltr'>Utere</span> <span class='ocrx_word' id='word_1_83' title='bbox 443 1207 576 1240; x_wconf 87' lang='lat' dir='ltr'>more</span> <span class='ocrx_word' id='word_1_84' title='bbox 614 1191 696 1241; x_wconf 85' lang='lat' dir='ltr'>dei</span> <span class='ocrx_word' id='word_1_85' title='bbox 729 1209 905 1242; x_wconf 88' lang='lat' dir='ltr'>nomen</span> <span class='ocrx_word' id='word_1_86' title='bbox 939 1195 1166 1244; x_wconf 84' lang='lat' dir='ltr'>habentis</span> <span class='ocrx_word' id='word_1_87' title='bbox 1201 1196 1345 1245; x_wconf 88' lang='lat' dir='ltr'>idem.</span> 
     </span>
    </p>
   </div>
   <div class='ocr_carea' id='block_1_11' title="bbox 180 1314 921 1471">
    <p class='ocr_par' dir='ltr' id='par_1_12' title="bbox 180 1314 921 1471">
     <span class='ocr_line' id='line_1_17' title="bbox 183 1314 921 1357; baseline 0.001 -9"><span class='ocrx_word' id='word_1_88' title='bbox 183 1315 241 1357; x_wconf 84' lang='lat' dir='ltr'>lo,</span> <span class='ocrx_word' id='word_1_89' title='bbox 266 1314 320 1347; x_wconf 78' lang='lat'>16.</span> <span class='ocrx_word' id='word_1_90' title='bbox 366 1315 472 1348; x_wconf 78' lang='lat' dir='ltr'>conf.</span> <span class='ocrx_word' id='word_1_91' title='bbox 496 1315 666 1347; x_wconf 79' lang='lat' dir='ltr'>Goerenz</span> <span class='ocrx_word' id='word_1_92' title='bbox 696 1318 742 1348; x_wconf 68' lang='lat' dir='ltr'>ad</span> <span class='ocrx_word' id='word_1_93' title='bbox 773 1317 847 1350; x_wconf 85' lang='lat' dir='ltr'>Cic.</span> <span class='ocrx_word' id='word_1_94' title='bbox 876 1318 921 1349; x_wconf 88' lang='lat' dir='ltr'>de</span> 
     </span>
     <span class='ocr_line' id='line_1_18' title="bbox 180 1372 920 1414; baseline 0 -10"><span class='ocrx_word' id='word_1_95' title='bbox 180 1372 259 1404; x_wconf 61' lang='lat' dir='ltr'>Irin.</span> <span class='ocrx_word' id='word_1_96' title='bbox 273 1373 300 1404; x_wconf 86' lang='lat'>1.</span> <span class='ocrx_word' id='word_1_97' title='bbox 319 1381 351 1405; x_wconf 81' lang='lat' dir='ltr'>c.</span> <span class='ocrx_word' id='word_1_98' title='bbox 375 1374 407 1404; x_wconf 74' lang='lat'>5.</span> <span class='ocrx_word' id='word_1_99' title='bbox 428 1374 465 1402; x_wconf 82' lang='lat' dir='ltr'>et</span> <span class='ocrx_word' id='word_1_100' title='bbox 479 1372 584 1403; x_wconf 83' lang='lat' dir='ltr'>Hand</span> <span class='ocrx_word' id='word_1_101' title='bbox 595 1373 641 1404; x_wconf 81' lang='lat' dir='ltr'>ad</span> <span class='ocrx_word' id='word_1_102' title='bbox 652 1372 809 1405; x_wconf 73' lang='lat' dir='ltr'>&#39;rui-sen.</span> <span class='ocrx_word' id='word_1_103' title='bbox 833 1372 860 1403; x_wconf 93' lang='lat'>1.</span> <span class='ocrx_word' id='word_1_104' title='bbox 884 1381 920 1414; x_wconf 84' lang='lat' dir='ltr'>p.</span> 
     </span>
     <span class='ocr_line' id='line_1_19' title="bbox 181 1426 580 1471; baseline 0.003 -13"><span class='ocrx_word' id='word_1_105' title='bbox 181 1427 236 1460; x_wconf 94' lang='grc'>27.</span> <span class='ocrx_word' id='word_1_106' title='bbox 281 1428 386 1459; x_wconf 84' lang='lat' dir='ltr'>Pont.</span> <span class='ocrx_word' id='word_1_107' title='bbox 409 1428 441 1469; x_wconf 87' lang='grc' dir='ltr'>Ι,</span> <span class='ocrx_word' id='word_1_108' title='bbox 467 1426 501 1471; x_wconf 81' lang='grc'>1,</span> <span class='ocrx_word' id='word_1_109' title='bbox 525 1427 580 1460; x_wconf 84' lang='lat'>41.</span> 
     </span>
    </p>
   </div>
   <div class='ocr_carea' id='block_1_12' title="bbox 184 1486 922 1712">
    <p class='ocr_par' dir='ltr' id='par_1_13' title="bbox 248 1486 920 1575">
     <span class='ocr_line' id='line_1_20' title="bbox 248 1486 920 1536; baseline 0 -6"><span class='ocrx_word' id='word_1_110' title='bbox 248 1487 378 1534; x_wconf 65' lang='grc' dir='ltr'>ὲοίωιις,</span> <span class='ocrx_word' id='word_1_111' title='bbox 396 1501 433 1528; x_wconf 87' lang='lat' dir='ltr'>ab</span> <span class='ocrx_word' id='word_1_112' title='bbox 458 1501 587 1536; x_wconf 83' lang='lat' dir='ltr'>imperio</span> <span class='ocrx_word' id='word_1_113' title='bbox 614 1486 681 1531; x_wconf 78' lang='lat' dir='ltr'>fieri</span> <span class='ocrx_word' id='word_1_114' title='bbox 699 1501 743 1531; x_wconf 84' lang='lat' dir='ltr'>nil</span> <span class='ocrx_word' id='word_1_115' title='bbox 762 1503 829 1530; x_wconf 71' lang='lat' dir='ltr'>tale</span> <span class='ocrx_word' id='word_1_116' title='bbox 842 1500 920 1530; x_wconf 80' lang='lat' dir='ltr'>Dia-</span> 
     </span>
     <span class='ocr_line' id='line_1_21' title="bbox 584 1555 652 1575; baseline -0.015 0"><span class='ocrx_word' id='word_1_117' title='bbox 584 1555 652 1575; x_wconf 77' lang='lat' dir='ltr'>nae.</span> 
     </span>
    </p>

    <p class='ocr_par' dir='ltr' id='par_1_14' title="bbox 185 1608 922 1657">
     <span class='ocr_line' id='line_1_22' title="bbox 185 1608 922 1657; baseline -0.001 -10"><span class='ocrx_word' id='word_1_118' title='bbox 185 1615 283 1648; x_wconf 79' lang='lat' dir='ltr'>Gall.</span> <span class='ocrx_word' id='word_1_119' title='bbox 315 1614 362 1647; x_wconf 80' lang='lat' dir='ltr'>ab</span> <span class='ocrx_word' id='word_1_120' title='bbox 395 1615 546 1657; x_wconf 58' lang='lat' dir='ltr'>ignaro.</span> <span class='ocrx_word' id='word_1_121' title='bbox 600 1608 702 1650; x_wconf 62' lang='lat' dir='ltr'>A‘v.</span> <span class='ocrx_word' id='word_1_122' title='bbox 733 1616 788 1648; x_wconf 80' lang='grc'>27.</span> <span class='ocrx_word' id='word_1_123' title='bbox 818 1614 922 1648; x_wconf 86' lang='lat' dir='ltr'>multi</span> 
     </span>
    </p>

    <p class='ocr_par' dir='ltr' id='par_1_15' title="bbox 184 1671 922 1712">
     <span class='ocr_line' id='line_1_23' title="bbox 184 1671 922 1712; baseline -0.003 -8"><span class='ocrx_word' id='word_1_124' title='bbox 184 1673 295 1704; x_wconf 90' lang='lat' dir='ltr'>codd.</span> <span class='ocrx_word' id='word_1_125' title='bbox 342 1680 476 1704; x_wconf 90' lang='lat' dir='ltr'>novum</span> <span class='ocrx_word' id='word_1_126' title='bbox 524 1681 671 1704; x_wconf 85' lang='lat' dir='ltr'>carmen</span> <span class='ocrx_word' id='word_1_127' title='bbox 716 1671 922 1712; x_wconf 86' lang='lat' dir='ltr'>ordiuntur,</span> 
     </span>
    </p>
   </div>
   <div class='ocr_carea' id='block_1_13' title="bbox 185 1727 922 1816">
    <p class='ocr_par' dir='ltr' id='par_1_16' title="bbox 185 1727 922 1816">
     <span class='ocr_line' id='line_1_24' title="bbox 185 1727 922 1772; baseline -0.001 -13"><span class='ocrx_word' id='word_1_128' title='bbox 185 1729 294 1759; x_wconf 84' lang='lat' dir='ltr'>etiam</span> <span class='ocrx_word' id='word_1_129' title='bbox 317 1728 814 1772; x_wconf 81' lang='lat' dir='ltr'>Dresd.‚13erol.,crev.‚</span> <span class='ocrx_word' id='word_1_130' title='bbox 838 1727 922 1768; x_wconf 82' lang='lat' dir='ltr'>Seg.</span> 
     </span>
     <span class='ocr_line' id='line_1_25' title="bbox 185 1784 439 1816; baseline 0 -1"><span class='ocrx_word' id='word_1_131' title='bbox 185 1786 224 1815; x_wconf 87' lang='lat' dir='ltr'>et</span> <span class='ocrx_word' id='word_1_132' title='bbox 247 1784 370 1816; x_wconf 79' lang='lat' dir='ltr'>Guelf.</span> <span class='ocrx_word' id='word_1_133' title='bbox 396 1801 439 1806; x_wconf 91' lang='lat'>—</span> 
     </span>
    </p>
   </div>
   <div class='ocr_carea' id='block_1_14' title="bbox 182 1862 926 2072">
    <p class='ocr_par' dir='ltr' id='par_1_17' title="bbox 182 1862 926 2072">
     <span class='ocr_line' id='line_1_26' title="bbox 228 1862 924 1903; baseline 0.001 -10"><span class='ocrx_word' id='word_1_134' title='bbox 228 1863 283 1894; x_wconf 84' lang='lat'>30.</span> <span class='ocrx_word' id='word_1_135' title='bbox 318 1862 374 1894; x_wconf 81' lang='lat' dir='ltr'>Ab</span> <span class='ocrx_word' id='word_1_136' title='bbox 399 1871 486 1903; x_wconf 87' lang='lat' dir='ltr'>ore,·</span> <span class='ocrx_word' id='word_1_137' title='bbox 510 1871 593 1895; x_wconf 86' lang='lat' dir='ltr'>nam</span> <span class='ocrx_word' id='word_1_138' title='bbox 617 1871 659 1895; x_wconf 86' lang='lat' dir='ltr'>os</span> <span class='ocrx_word' id='word_1_139' title='bbox 691 1863 770 1895; x_wconf 89' lang='lat' dir='ltr'>sive</span> <span class='ocrx_word' id='word_1_140' title='bbox 799 1864 924 1896; x_wconf 81' lang='lat' dir='ltr'>vultus</span> 
     </span>
     <span class='ocr_line' id='line_1_27' title="bbox 182 1918 926 1958; baseline 0 -9"><span class='ocrx_word' id='word_1_141' title='bbox 182 1919 290 1950; x_wconf 83' lang='lat' dir='ltr'>sedes</span> <span class='ocrx_word' id='word_1_142' title='bbox 314 1919 477 1958; x_wconf 81' lang='lat' dir='ltr'>pudoris.</span> <span class='ocrx_word' id='word_1_143' title='bbox 500 1935 546 1941; x_wconf 86' lang='lat'>--</span> <span class='ocrx_word' id='word_1_144' title='bbox 567 1920 613 1952; x_wconf 89' lang='lat' dir='ltr'>V.</span> <span class='ocrx_word' id='word_1_145' title='bbox 639 1919 692 1950; x_wconf 87' lang='grc'>31.</span> <span class='ocrx_word' id='word_1_146' title='bbox 719 1918 864 1950; x_wconf 88' lang='lat' dir='ltr'>Pirckh.</span> <span class='ocrx_word' id='word_1_147' title='bbox 889 1920 926 1949; x_wconf 82' lang='lat' dir='ltr'>et</span> 
     </span>
     <span class='ocr_line' id='line_1_28' title="bbox 185 1972 926 2016; baseline -0.003 -10"><span class='ocrx_word' id='word_1_148' title='bbox 185 1975 242 2006; x_wconf 83' lang='lat' dir='ltr'>ed.</span> <span class='ocrx_word' id='word_1_149' title='bbox 265 1975 403 2006; x_wconf 84' lang='lat' dir='ltr'>Bonon.</span> <span class='ocrx_word' id='word_1_150' title='bbox 427 1974 465 2005; x_wconf 81' lang='lat' dir='ltr'>et</span> <span class='ocrx_word' id='word_1_151' title='bbox 486 1973 572 2005; x_wconf 78' lang='lat' dir='ltr'>nisi.</span> <span class='ocrx_word' id='word_1_152' title='bbox 618 1972 718 2016; x_wconf 65' lang='lat' dir='ltr'>{Tres</span> <span class='ocrx_word' id='word_1_153' title='bbox 741 1974 863 2005; x_wconf 82' lang='lat' dir='ltr'>Heius.</span> <span class='ocrx_word' id='word_1_154' title='bbox 888 1975 926 2005; x_wconf 93' lang='lat' dir='ltr'>et</span> 
     </span>
     <span class='ocr_line' id='line_1_29' title="bbox 184 2028 924 2072; baseline -0.001 -12"><span class='ocrx_word' id='word_1_155' title='bbox 184 2030 275 2060; x_wconf 83' lang='lat' dir='ltr'>vett.</span> <span class='ocrx_word' id='word_1_156' title='bbox 299 2029 395 2070; x_wconf 66' lang='lat' dir='ltr'>edd„</span> <span class='ocrx_word' id='word_1_157' title='bbox 418 2031 569 2070; x_wconf 84' lang='lat' dir='ltr'>praeter</span> <span class='ocrx_word' id='word_1_158' title='bbox 591 2030 747 2072; x_wconf 67' lang='lat' dir='ltr'>Bonum,</span> <span class='ocrx_word' id='word_1_159' title='bbox 766 2029 806 2060; x_wconf 83' lang='lat' dir='ltr'>tu</span> <span class='ocrx_word' id='word_1_160' title='bbox 823 2028 924 2070; x_wconf 78' lang='lat' dir='ltr'>quid.</span> 
     </span>
    </p>
   </div>
   <div class='ocr_carea' id='block_1_15' title="bbox 184 2106 925 2428">
    <p class='ocr_par' dir='ltr' id='par_1_18' title="bbox 184 2106 925 2428">
     <span class='ocr_line' id='line_1_30' title="bbox 242 2106 925 2149; baseline -0.003 -9"><span class='ocrx_word' id='word_1_161' title='bbox 242 2109 296 2140; x_wconf 87' lang='grc'>33.</span> <span class='ocrx_word' id='word_1_162' title='bbox 344 2107 515 2140; x_wconf 82' lang='lat' dir='ltr'>Peccant</span> <span class='ocrx_word' id='word_1_163' title='bbox 557 2106 734 2139; x_wconf 76' lang='lat' dir='ltr'>homines.</span> <span class='ocrx_word' id='word_1_164' title='bbox 813 2107 925 2149; x_wconf 65' lang='lat' dir='ltr'>Gall„</span> 
     </span>
     <span class='ocr_line' id='line_1_31' title="bbox 186 2163 925 2206; baseline -0.005 -8"><span class='ocrx_word' id='word_1_165' title='bbox 186 2165 264 2198; x_wconf 89' lang='lat' dir='ltr'>Pol.</span> <span class='ocrx_word' id='word_1_166' title='bbox 299 2163 330 2196; x_wconf 92' lang='lat'>1.</span> <span class='ocrx_word' id='word_1_167' title='bbox 343 2186 358 2206; x_wconf 92' lang='grc'>,</span> <span class='ocrx_word' id='word_1_168' title='bbox 391 2163 537 2197; x_wconf 86' lang='lat' dir='ltr'>Pirckh.</span> <span class='ocrx_word' id='word_1_169' title='bbox 569 2165 606 2195; x_wconf 87' lang='lat' dir='ltr'>et</span> <span class='ocrx_word' id='word_1_170' title='bbox 634 2165 669 2195; x_wconf 92' lang='lat'>11</span> <span class='ocrx_word' id='word_1_171' title='bbox 698 2163 759 2194; x_wconf 85' lang='lat' dir='ltr'>alii</span> <span class='ocrx_word' id='word_1_172' title='bbox 788 2163 925 2204; x_wconf 62' lang='lat' dir='ltr'>Heius„</span> 
     </span>
     <span class='ocr_line' id='line_1_32' title="bbox 184 2217 924 2262; baseline -0.008 -8"><span class='ocrx_word' id='word_1_173' title='bbox 184 2222 270 2254; x_wconf 83' lang='lat' dir='ltr'>item</span> <span class='ocrx_word' id='word_1_174' title='bbox 294 2222 415 2262; x_wconf 87' lang='lat' dir='ltr'>Bern.,</span> <span class='ocrx_word' id='word_1_175' title='bbox 435 2219 556 2251; x_wconf 79' lang='lat' dir='ltr'>Guelf.</span> <span class='ocrx_word' id='word_1_176' title='bbox 573 2217 738 2250; x_wconf 70' lang='lat' dir='ltr'>homines</span> <span class='ocrx_word' id='word_1_177' title='bbox 750 2218 924 2259; x_wconf 76' lang='lat' dir='ltr'>peccant,</span> 
     </span>
     <span class='ocr_line' id='line_1_33' title="bbox 187 2276 924 2318; baseline -0.003 -9"><span class='ocrx_word' id='word_1_178' title='bbox 187 2278 283 2318; x_wconf 82' lang='lat' dir='ltr'>quod</span> <span class='ocrx_word' id='word_1_179' title='bbox 336 2276 472 2316; x_wconf 85' lang='lat' dir='ltr'>primus</span> <span class='ocrx_word' id='word_1_180' title='bbox 500 2276 700 2316; x_wconf 67' lang='lat' dir='ltr'>&#39;expressit</span> <span class='ocrx_word' id='word_1_181' title='bbox 745 2276 924 2307; x_wconf 79' lang='lat' dir='ltr'>Heinsius.</span> 
     </span>
     <span class='ocr_line' id='line_1_34' title="bbox 186 2331 924 2372; baseline 0.001 -8"><span class='ocrx_word' id='word_1_182' title='bbox 186 2333 259 2365; x_wconf 86' lang='lat' dir='ltr'>Sed</span> <span class='ocrx_word' id='word_1_183' title='bbox 289 2332 512 2372; x_wconf 87' lang='lat' dir='ltr'>reliquorum</span> <span class='ocrx_word' id='word_1_184' title='bbox 543 2334 633 2363; x_wconf 83' lang='lat' dir='ltr'>vett.</span> <span class='ocrx_word' id='word_1_185' title='bbox 667 2331 847 2364; x_wconf 75' lang='lat' dir='ltr'>libi-orum</span> <span class='ocrx_word' id='word_1_186' title='bbox 879 2342 924 2365; x_wconf 93' lang='lat' dir='ltr'>o-</span> 
     </span>
     <span class='ocr_line' id='line_1_35' title="bbox 186 2386 924 2428; baseline 0.001 -9"><span class='ocrx_word' id='word_1_187' title='bbox 186 2389 318 2419; x_wconf 85' lang='lat' dir='ltr'>mnium</span> <span class='ocrx_word' id='word_1_188' title='bbox 337 2388 523 2428; x_wconf 80' lang='lat' dir='ltr'>scriptura</span> <span class='ocrx_word' id='word_1_189' title='bbox 536 2389 572 2418; x_wconf 87' lang='lat' dir='ltr'>et</span> <span class='ocrx_word' id='word_1_190' title='bbox 584 2386 765 2427; x_wconf 75' lang='lat' dir='ltr'>positione</span> <span class='ocrx_word' id='word_1_191' title='bbox 783 2391 820 2420; x_wconf 90' lang='lat' dir='ltr'>et</span> <span class='ocrx_word' id='word_1_192' title='bbox 831 2397 924 2420; x_wconf 82' lang='lat' dir='ltr'>sono</span> 
     </span>
    </p>
   </div>
   <div class='ocr_carea' id='block_1_16' title="bbox 186 2442 924 2483">
    <p class='ocr_par' dir='ltr' id='par_1_19' title="bbox 186 2442 924 2483">
     <span class='ocr_line' id='line_1_36' title="bbox 186 2442 924 2483; baseline 0 -9"><span class='ocrx_word' id='word_1_193' title='bbox 186 2443 393 2483; x_wconf 84' lang='lat' dir='ltr'>elegantior</span> <span class='ocrx_word' id='word_1_194' title='bbox 405 2446 472 2475; x_wconf 83' lang='lat' dir='ltr'>est.</span> <span class='ocrx_word' id='word_1_195' title='bbox 496 2444 590 2476; x_wconf 85' lang='lat' dir='ltr'>ven.</span> <span class='ocrx_word' id='word_1_196' title='bbox 603 2451 636 2474; x_wconf 80' lang='lat' dir='ltr'>a.</span> <span class='ocrx_word' id='word_1_197' title='bbox 650 2442 747 2474; x_wconf 75' lang='lat'>1486.</span> <span class='ocrx_word' id='word_1_198' title='bbox 757 2445 924 2483; x_wconf 78' lang='lat' dir='ltr'>peccent.</span> 
     </span>
    </p>
   </div>
   <div class='ocr_carea' id='block_1_17' title="bbox 183 2509 926 2887">
    <p class='ocr_par' dir='ltr' id='par_1_20' title="bbox 183 2509 926 2887">
     <span class='ocr_line' id='line_1_37' title="bbox 232 2509 924 2551; baseline -0.001 -9"><span class='ocrx_word' id='word_1_199' title='bbox 232 2511 286 2542; x_wconf 85' lang='grc'>35.</span> <span class='ocrx_word' id='word_1_200' title='bbox 321 2509 394 2542; x_wconf 76' lang='lat' dir='ltr'>Hic</span> <span class='ocrx_word' id='word_1_201' title='bbox 423 2510 495 2543; x_wconf 81' lang='lat' dir='ltr'>ubi.</span> <span class='ocrx_word' id='word_1_202' title='bbox 561 2511 622 2543; x_wconf 87' lang='lat' dir='ltr'>Sic</span> <span class='ocrx_word' id='word_1_203' title='bbox 663 2510 764 2551; x_wconf 88' lang='lat' dir='ltr'>Put.,</span> <span class='ocrx_word' id='word_1_204' title='bbox 811 2509 924 2551; x_wconf 65' lang='lat' dir='ltr'>Gall„</span> 
     </span>
     <span class='ocr_line' id='line_1_38' title="bbox 187 2565 926 2609; baseline -0.001 -10"><span class='ocrx_word' id='word_1_205' title='bbox 187 2568 299 2609; x_wconf 65' lang='lat' dir='ltr'>Mor„</span> <span class='ocrx_word' id='word_1_206' title='bbox 312 2567 424 2608; x_wconf 86' lang='lat' dir='ltr'>Busl.,</span> <span class='ocrx_word' id='word_1_207' title='bbox 436 2567 512 2598; x_wconf 85' lang='lat' dir='ltr'>Pal.</span> <span class='ocrx_word' id='word_1_208' title='bbox 527 2566 676 2608; x_wconf 87' lang='lat' dir='ltr'>1.‚1un.,</span> <span class='ocrx_word' id='word_1_209' title='bbox 690 2565 790 2597; x_wconf 84' lang='lat' dir='ltr'>Leid.</span> <span class='ocrx_word' id='word_1_210' title='bbox 816 2568 854 2597; x_wconf 85' lang='lat' dir='ltr'>et</span> <span class='ocrx_word' id='word_1_211' title='bbox 875 2567 926 2598; x_wconf 86' lang='lat' dir='ltr'>XI</span> 
     </span>
     <span class='ocr_line' id='line_1_39' title="bbox 187 2622 924 2664; baseline 0 -10"><span class='ocrx_word' id='word_1_212' title='bbox 187 2623 252 2654; x_wconf 82' lang='lat' dir='ltr'>alii</span> <span class='ocrx_word' id='word_1_213' title='bbox 282 2622 403 2654; x_wconf 83' lang='lat' dir='ltr'>Heius.</span> <span class='ocrx_word' id='word_1_214' title='bbox 435 2625 473 2654; x_wconf 87' lang='lat' dir='ltr'>et</span> <span class='ocrx_word' id='word_1_215' title='bbox 503 2622 579 2654; x_wconf 84' lang='lat' dir='ltr'>eius</span> <span class='ocrx_word' id='word_1_216' title='bbox 610 2622 665 2653; x_wconf 87' lang='lat' dir='ltr'>ed.</span> <span class='ocrx_word' id='word_1_217' title='bbox 696 2630 750 2662; x_wconf 85' lang='lat' dir='ltr'>pr.</span> <span class='ocrx_word' id='word_1_218' title='bbox 758 2643 772 2663; x_wconf 89' lang='lat'><em>,</em></span> <span class='ocrx_word' id='word_1_219' title='bbox 803 2622 924 2664; x_wconf 69' lang='lat' dir='ltr'>Rern„</span> 
     </span>
     <span class='ocr_line' id='line_1_40' title="bbox 187 2677 926 2720; baseline -0.001 -9"><span class='ocrx_word' id='word_1_220' title='bbox 187 2679 308 2711; x_wconf 73' lang='lat' dir='ltr'>Guelf.</span> <span class='ocrx_word' id='word_1_221' title='bbox 332 2687 356 2710; x_wconf 85' lang='lat' dir='ltr'>a</span> <span class='ocrx_word' id='word_1_222' title='bbox 378 2679 409 2710; x_wconf 86' lang='grc'>2.</span> <span class='ocrx_word' id='word_1_223' title='bbox 433 2688 494 2720; x_wconf 82' lang='lat' dir='ltr'>m.,</span> <span class='ocrx_word' id='word_1_224' title='bbox 520 2677 637 2710; x_wconf 85' lang='lat' dir='ltr'>nostri</span> <span class='ocrx_word' id='word_1_225' title='bbox 660 2678 696 2709; x_wconf 91' lang='lat' dir='ltr'>V</span> <span class='ocrx_word' id='word_1_226' title='bbox 719 2679 755 2708; x_wconf 87' lang='lat' dir='ltr'>et</span> <span class='ocrx_word' id='word_1_227' title='bbox 778 2678 832 2708; x_wconf 88' lang='lat' dir='ltr'>ed.</span> <span class='ocrx_word' id='word_1_228' title='bbox 852 2678 926 2710; x_wconf 89' lang='lat' dir='ltr'>Bo-</span> 
     </span>
     <span class='ocr_line' id='line_1_41' title="bbox 186 2732 925 2775; baseline 0 -9"><span class='ocrx_word' id='word_1_229' title='bbox 186 2742 270 2766; x_wconf 87' lang='lat' dir='ltr'>non.</span> <span class='ocrx_word' id='word_1_230' title='bbox 317 2734 462 2775; x_wconf 84' lang='lat' dir='ltr'>Reliqui</span> <span class='ocrx_word' id='word_1_231' title='bbox 486 2741 586 2765; x_wconf 82' lang='lat' dir='ltr'>nunc</span> <span class='ocrx_word' id='word_1_232' title='bbox 608 2732 683 2765; x_wconf 83' lang='lat' dir='ltr'>ubi.</span> <span class='ocrx_word' id='word_1_233' title='bbox 731 2734 925 2766; x_wconf 80' lang='lat' dir='ltr'>G·all.tre-</span> 
     </span>
     <span class='ocr_line' id='line_1_42' title="bbox 183 2789 926 2832; baseline 0 -11"><span class='ocrx_word' id='word_1_234' title='bbox 183 2789 397 2831; x_wconf 62' lang='lat' dir='ltr'>pictamque,</span> <span class='ocrx_word' id='word_1_235' title='bbox 422 2791 517 2830; x_wconf 88' lang='lat' dir='ltr'>quod</span> <span class='ocrx_word' id='word_1_236' title='bbox 541 2790 724 2830; x_wconf 81' lang='lat' dir='ltr'>probabat</span> <span class='ocrx_word' id='word_1_237' title='bbox 741 2789 926 2832; x_wconf 80' lang='lat' dir='ltr'>Heinsius,</span> 
     </span>
     <span class='ocr_line' id='line_1_43' title="bbox 186 2845 582 2887; baseline 0 -9"><span class='ocrx_word' id='word_1_238' title='bbox 186 2845 303 2879; x_wconf 77' lang='lat' dir='ltr'>allato</span> <span class='ocrx_word' id='word_1_239' title='bbox 327 2845 392 2879; x_wconf 80' lang='lat' dir='ltr'>Sil.</span> <span class='ocrx_word' id='word_1_240' title='bbox 415 2847 483 2887; x_wconf 85' lang='lat'>111,</span> <span class='ocrx_word' id='word_1_241' title='bbox 506 2846 582 2878; x_wconf 77' lang='lat'><strong><em>229.</em></strong></span> 
     </span>
    </p>
   </div>
   <div class='ocr_carea' id='block_1_18' title="bbox 988 1315 1727 2163">
    <p class='ocr_par' dir='ltr' id='par_1_21' title="bbox 1053 1315 1726 1388">
     <span class='ocr_line' id='line_1_44' title="bbox 1053 1315 1726 1352; baseline 0 -8"><span class='ocrx_word' id='word_1_242' title='bbox 1053 1315 1117 1344; x_wconf 77' lang='lat' dir='ltr'>Nec</span> <span class='ocrx_word' id='word_1_243' title='bbox 1133 1316 1248 1344; x_wconf 79' lang='lat' dir='ltr'>bellum</span> <span class='ocrx_word' id='word_1_244' title='bbox 1265 1317 1367 1352; x_wconf 14' lang='lat' dir='ltr'>raptis!</span> <span class='ocrx_word' id='word_1_245' title='bbox 1379 1319 1438 1344; x_wconf 72' lang='lat' dir='ltr'>tam</span> <span class='ocrx_word' id='word_1_246' title='bbox 1459 1316 1556 1344; x_wconf 78' lang='lat' dir='ltr'>dirum</span> <span class='ocrx_word' id='word_1_247' title='bbox 1570 1315 1653 1344; x_wconf 75' lang='lat' dir='ltr'>mille</span> <span class='ocrx_word' id='word_1_248' title='bbox 1672 1322 1726 1344; x_wconf 69' lang='lat' dir='ltr'>ca-</span> 
     </span>
     <span class='ocr_line' id='line_1_45' title="bbox 1389 1367 1466 1388; baseline 0 0"><span class='ocrx_word' id='word_1_249' title='bbox 1389 1367 1466 1388; x_wconf 72' lang='lat' dir='ltr'>nnis</span> 
     </span>
    </p>

    <p class='ocr_par' dir='ltr' id='par_1_22' title="bbox 988 1405 1727 2163">
     <span class='ocr_line' id='line_1_46' title="bbox 1053 1405 1727 1440; baseline -0.003 -6"><span class='ocrx_word' id='word_1_250' title='bbox 1053 1405 1164 1434; x_wconf 78' lang='lat' dir='ltr'>Acrius</span> <span class='ocrx_word' id='word_1_251' title='bbox 1190 1405 1362 1439; x_wconf 79' lang='lat' dir='ltr'>infremuit,</span> <span class='ocrx_word' id='word_1_252' title='bbox 1387 1405 1596 1440; x_wconf 76' lang='lat' dir='ltr'>trepidumque</span> <span class='ocrx_word' id='word_1_253' title='bbox 1623 1407 1727 1432; x_wconf 79' lang='lat' dir='ltr'>exter-</span> 
     </span>
     <span class='ocr_line' id='line_1_47' title="bbox 996 1446 1622 1478; baseline -0.003 0"><span class='ocrx_word' id='word_1_254' title='bbox 996 1448 998 1450; x_wconf 73' lang='grc'>’</span> <span class='ocrx_word' id='word_1_255' title='bbox 1387 1446 1570 1478; x_wconf 80' lang='lat' dir='ltr'>ruit&#39;orbem</span> <span class='ocrx_word' id='word_1_256' title='bbox 1587 1464 1622 1469; x_wconf 89' lang='lat'>—</span> 
     </span>
     <span class='ocr_line' id='line_1_48' title="bbox 988 1504 1727 1553; baseline -0.004 -11"><span class='ocrx_word' id='word_1_257' title='bbox 988 1509 1114 1553; x_wconf 81' lang='lat' dir='ltr'>Neque</span> <span class='ocrx_word' id='word_1_258' title='bbox 1150 1504 1507 1551; x_wconf 64' lang='lat' dir='ltr'>quIcquam‘insoliti</span> <span class='ocrx_word' id='word_1_259' title='bbox 1537 1509 1645 1540; x_wconf 85' lang='lat' dir='ltr'>habet</span> <span class='ocrx_word' id='word_1_260' title='bbox 1667 1508 1727 1540; x_wconf 81' lang='lat' dir='ltr'>hic</span> 
     </span>
     <span class='ocr_line' id='line_1_49' title="bbox 989 1563 1726 1607; baseline -0.003 -11"><span class='ocrx_word' id='word_1_261' title='bbox 989 1573 1073 1597; x_wconf 89' lang='lat' dir='ltr'>usus</span> <span class='ocrx_word' id='word_1_262' title='bbox 1090 1565 1275 1607; x_wconf 85' lang='lat' dir='ltr'>adiectivi,</span> <span class='ocrx_word' id='word_1_263' title='bbox 1298 1566 1393 1606; x_wconf 11' lang='lat' dir='ltr'>&#39;quod</span> <span class='ocrx_word' id='word_1_264' title='bbox 1412 1568 1565 1606; x_wconf 83' lang='lat' dir='ltr'>vocant,</span> <span class='ocrx_word' id='word_1_265' title='bbox 1592 1563 1726 1595; x_wconf 83' lang='lat' dir='ltr'>antici-</span> 
     </span>
     <span class='ocr_line' id='line_1_50' title="bbox 989 1607 1725 1662; baseline -0.004 -10"><span class='ocrx_word' id='word_1_266' title='bbox 989 1621 1076 1661; x_wconf 85' lang='lat' dir='ltr'>pati.</span> <span class='ocrx_word' id='word_1_267' title='bbox 1118 1623 1206 1653; x_wconf 85' lang='lat' dir='ltr'>Met.</span> <span class='ocrx_word' id='word_1_268' title='bbox 1229 1621 1298 1662; x_wconf 79' lang='lat' dir='ltr'>Vl,</span> <span class='ocrx_word' id='word_1_269' title='bbox 1317 1620 1394 1653; x_wconf 81' lang='lat'>248.</span> <span class='ocrx_word' id='word_1_270' title='bbox 1414 1607 1634 1660; x_wconf 49' lang='lat' dir='ltr'>laniataque</span> <span class='ocrx_word' id='word_1_271' title='bbox 1653 1627 1725 1659; x_wconf 77' lang='lat' dir='ltr'>pe-</span> 
     </span>
     <span class='ocr_line' id='line_1_51' title="bbox 991 1670 1725 1718; baseline 0.001 -11"><span class='ocrx_word' id='word_1_272' title='bbox 991 1674 1102 1708; x_wconf 69' lang='lat' dir='ltr'>ctora</span> <span class='ocrx_word' id='word_1_273' title='bbox 1123 1678 1322 1718; x_wconf 74' lang='lat' dir='ltr'>planyens.</span> <span class='ocrx_word' id='word_1_274' title='bbox 1358 1670 1431 1710; x_wconf 81' lang='lat' dir='ltr'>Sed</span> <span class='ocrx_word' id='word_1_275' title='bbox 1447 1676 1620 1716; x_wconf 88' lang='lat' dir='ltr'>sequendi</span> <span class='ocrx_word' id='word_1_276' title='bbox 1641 1678 1725 1708; x_wconf 74' lang='lat' dir='ltr'>sunt</span> 
     </span>
     <span class='ocr_line' id='line_1_52' title="bbox 990 1726 1725 1778; baseline 0 -13"><span class='ocrx_word' id='word_1_277' title='bbox 990 1734 1080 1765; x_wconf 84' lang='lat' dir='ltr'>vett.</span> <span class='ocrx_word' id='word_1_278' title='bbox 1103 1731 1198 1764; x_wconf 89' lang='lat' dir='ltr'>libri.</span> <span class='ocrx_word' id='word_1_279' title='bbox 1225 1730 1469 1764; x_wconf 62' lang='lat' dir='ltr'>—Detonuit</span> <span class='ocrx_word' id='word_1_280' title='bbox 1504 1726 1725 1778; x_wconf 24' lang='lat' dir='ltr'>Amat-Naso</span> 
     </span>
     <span class='ocr_line' id='line_1_53' title="bbox 991 1785 1726 1834; baseline 0.004 -16"><span class='ocrx_word' id='word_1_281' title='bbox 991 1785 1190 1818; x_wconf 85' lang='lat' dir='ltr'>huiusmodi</span> <span class='ocrx_word' id='word_1_282' title='bbox 1214 1789 1432 1834; x_wconf 80' lang='lat' dir='ltr'>composita:</span> <span class='ocrx_word' id='word_1_283' title='bbox 1456 1788 1510 1819; x_wconf 82' lang='lat' dir='ltr'>sic</span> <span class='ocrx_word' id='word_1_284' title='bbox 1525 1788 1726 1828; x_wconf 77' lang='lat' dir='ltr'>depudere,</span> 
     </span>
     <span class='ocr_line' id='line_1_54' title="bbox 991 1837 1726 1886; baseline 0.004 -11"><span class='ocrx_word' id='word_1_285' title='bbox 991 1841 1194 1884; x_wconf 72' lang='lat' dir='ltr'>debellare,</span> <span class='ocrx_word' id='word_1_286' title='bbox 1219 1837 1440 1886; x_wconf 61' lang='lat' dir='ltr'>decantare,</span> <span class='ocrx_word' id='word_1_287' title='bbox 1467 1843 1516 1876; x_wconf 88' lang='lat' dir='ltr'>al.</span> <span class='ocrx_word' id='word_1_288' title='bbox 1562 1845 1666 1877; x_wconf 82' lang='lat' dir='ltr'>Infra</span> <span class='ocrx_word' id='word_1_289' title='bbox 1688 1855 1726 1878; x_wconf 86' lang='lat' dir='ltr'>v.</span> 
     </span>
     <span class='ocr_line' id='line_1_55' title="bbox 990 1892 1725 1932; baseline 0.003 -2"><span class='ocrx_word' id='word_1_290' title='bbox 990 1898 1066 1930; x_wconf 80' lang='lat'>124.</span> <span class='ocrx_word' id='word_1_291' title='bbox 1088 1902 1143 1930; x_wconf 82' lang='lat' dir='ltr'>est</span> <span class='ocrx_word' id='word_1_292' title='bbox 1166 1896 1455 1932; x_wconf 74' lang='lat' dir='ltr'>ematurescere.</span> <span class='ocrx_word' id='word_1_293' title='bbox 1503 1892 1624 1932; x_wconf 77' lang='lat' dir='ltr'>Guelf.</span> <span class='ocrx_word' id='word_1_294' title='bbox 1647 1908 1670 1932; x_wconf 82' lang='lat' dir='ltr'>a</span> <span class='ocrx_word' id='word_1_295' title='bbox 1692 1901 1725 1932; x_wconf 86' lang='grc'>2.</span> 
     </span>
     <span class='ocr_line' id='line_1_56' title="bbox 989 1953 1725 1994; baseline 0 -8"><span class='ocrx_word' id='word_1_296' title='bbox 989 1963 1034 1986; x_wconf 84' lang='lat' dir='ltr'>m.</span> <span class='ocrx_word' id='word_1_297' title='bbox 1067 1957 1104 1986; x_wconf 88' lang='lat' dir='ltr'>et</span> <span class='ocrx_word' id='word_1_298' title='bbox 1149 1955 1270 1987; x_wconf 87' lang='lat' dir='ltr'>Berol.</span> <span class='ocrx_word' id='word_1_299' title='bbox 1315 1953 1480 1994; x_wconf 74' lang='lat' dir='ltr'>strepitu</span> <span class='ocrx_word' id='word_1_300' title='bbox 1523 1955 1725 1987; x_wconf 78' lang='lat' dir='ltr'>deterruit.</span> 
     </span>
     <span class='ocr_line' id='line_1_57' title="bbox 988 2009 1726 2051; baseline 0.001 -10"><span class='ocrx_word' id='word_1_301' title='bbox 988 2011 1082 2051; x_wconf 87' lang='lat' dir='ltr'>Put.,</span> <span class='ocrx_word' id='word_1_302' title='bbox 1106 2011 1213 2042; x_wconf 87' lang='lat' dir='ltr'>Serv.</span> <span class='ocrx_word' id='word_1_303' title='bbox 1237 2012 1274 2041; x_wconf 87' lang='lat' dir='ltr'>et</span> <span class='ocrx_word' id='word_1_304' title='bbox 1304 2010 1358 2040; x_wconf 85' lang='lat' dir='ltr'>lv</span> <span class='ocrx_word' id='word_1_305' title='bbox 1388 2009 1451 2040; x_wconf 82' lang='lat' dir='ltr'>ali-i</span> <span class='ocrx_word' id='word_1_306' title='bbox 1481 2010 1602 2042; x_wconf 80' lang='lat' dir='ltr'>Heius.</span> <span class='ocrx_word' id='word_1_307' title='bbox 1633 2018 1726 2042; x_wconf 78' lang='lat' dir='ltr'>con-</span> 
     </span>
     <span class='ocr_line' id='line_1_58' title="bbox 991 2063 1726 2105; baseline 0.001 -10"><span class='ocrx_word' id='word_1_308' title='bbox 991 2064 1146 2096; x_wconf 77' lang='lat' dir='ltr'>terruit.</span> <span class='ocrx_word' id='word_1_309' title='bbox 1206 2064 1307 2097; x_wconf 81' lang='lat' dir='ltr'>Leid.</span> <span class='ocrx_word' id='word_1_310' title='bbox 1335 2063 1563 2105; x_wconf 76' lang='lat' dir='ltr'>perterruit.</span> <span class='ocrx_word' id='word_1_311' title='bbox 1602 2082 1642 2089; x_wconf 89' lang='lat'><em>-</em></span> <span class='ocrx_word' id='word_1_312' title='bbox 1678 2069 1726 2101; x_wconf 84' lang='lat' dir='ltr'>V.</span> 
     </span>
     <span class='ocr_line' id='line_1_59' title="bbox 995 2119 1293 2163; baseline 0 -11"><span class='ocrx_word' id='word_1_313' title='bbox 995 2121 1047 2152; x_wconf 83' lang='grc'>36.</span> <span class='ocrx_word' id='word_1_314' title='bbox 1082 2122 1166 2161; x_wconf 84' lang='lat' dir='ltr'>Seg.</span> <span class='ocrx_word' id='word_1_315' title='bbox 1188 2119 1293 2163; x_wconf 81' lang='lat' dir='ltr'>fecit.</span> 
     </span>
    </p>
   </div>
   <div class='ocr_carea' id='block_1_19' title="bbox 992 2193 1726 2355">
    <p class='ocr_par' dir='ltr' id='par_1_23' title="bbox 992 2193 1726 2355">
     <span class='ocr_line' id='line_1_60' title="bbox 1036 2193 1726 2244; baseline 0.001 -12"><span class='ocrx_word' id='word_1_316' title='bbox 1036 2200 1090 2232; x_wconf 88' lang='grc'>37.</span> <span class='ocrx_word' id='word_1_317' title='bbox 1124 2201 1200 2231; x_wconf 89' lang='lat' dir='ltr'>Iun.</span> <span class='ocrx_word' id='word_1_318' title='bbox 1208 2220 1223 2241; x_wconf 91' lang='lat'><em>,</em></span> <span class='ocrx_word' id='word_1_319' title='bbox 1252 2199 1376 2242; x_wconf 89' lang='lat' dir='ltr'>Leid.,</span> <span class='ocrx_word' id='word_1_320' title='bbox 1405 2202 1502 2233; x_wconf 81' lang='lat' dir='ltr'>Mor.</span> <span class='ocrx_word' id='word_1_321' title='bbox 1509 2193 1533 2244; x_wconf 68' lang='lat'>,&#39;</span> <span class='ocrx_word' id='word_1_322' title='bbox 1555 2201 1650 2233; x_wconf 83' lang='lat' dir='ltr'>Gall.</span> <span class='ocrx_word' id='word_1_323' title='bbox 1688 2204 1726 2234; x_wconf 82' lang='lat' dir='ltr'>et</span> 
     </span>
     <span class='ocr_line' id='line_1_61' title="bbox 993 2253 1726 2298; baseline 0.001 -12"><span class='ocrx_word' id='word_1_324' title='bbox 993 2256 1047 2287; x_wconf 89' lang='lat' dir='ltr'>ed.</span> <span class='ocrx_word' id='word_1_325' title='bbox 1080 2256 1219 2286; x_wconf 88' lang='lat' dir='ltr'>Bonon.</span> <span class='ocrx_word' id='word_1_326' title='bbox 1249 2254 1450 2296; x_wconf 75' lang='lat' dir='ltr'>rectorque</span> <span class='ocrx_word' id='word_1_327' title='bbox 1490 2255 1525 2288; x_wconf 81' lang='lat' dir='ltr'>d.</span> <span class='ocrx_word' id='word_1_328' title='bbox 1553 2253 1726 2298; x_wconf 60' lang='lat' dir='ltr'>genitor-</span> 
     </span>
     <span class='ocr_line' id='line_1_62' title="bbox 992 2305 1553 2355; baseline 0 -12"><span class='ocrx_word' id='word_1_329' title='bbox 992 2320 1072 2355; x_wconf 80' lang='lat' dir='ltr'>que.</span> <span class='ocrx_word' id='word_1_330' title='bbox 1094 2327 1139 2333; x_wconf 81' lang='lat'>——</span> <span class='ocrx_word' id='word_1_331' title='bbox 1162 2312 1249 2342; x_wconf 85' lang='lat' dir='ltr'>Hor.</span> <span class='ocrx_word' id='word_1_332' title='bbox 1275 2309 1340 2342; x_wconf 84' lang='lat' dir='ltr'>Od.</span> <span class='ocrx_word' id='word_1_333' title='bbox 1362 2311 1394 2352; x_wconf 90' lang='grc' dir='ltr'>Ι,</span> <span class='ocrx_word' id='word_1_334' title='bbox 1418 2305 1476 2354; x_wconf 81' lang='grc'>12,</span> <span class='ocrx_word' id='word_1_335' title='bbox 1501 2311 1553 2343; x_wconf 87' lang='grc'>13.</span> 
     </span>
    </p>
   </div>
   <div class='ocr_carea' id='block_1_20' title="bbox 1056 2385 1727 2680">
    <p class='ocr_par' dir='ltr' id='par_1_24' title="bbox 1056 2385 1727 2680">
     <span class='ocr_line' id='line_1_63' title="bbox 1058 2385 1631 2419; baseline 0.005 -8"><span class='ocrx_word' id='word_1_336' title='bbox 1058 2385 1137 2418; x_wconf 81' lang='lat' dir='ltr'>Quid</span> <span class='ocrx_word' id='word_1_337' title='bbox 1154 2385 1239 2419; x_wconf 85' lang='lat' dir='ltr'>prius</span> <span class='ocrx_word' id='word_1_338' title='bbox 1258 2385 1355 2413; x_wconf 83' lang='lat' dir='ltr'>dicam</span> <span class='ocrx_word' id='word_1_339' title='bbox 1373 2386 1472 2414; x_wconf 81' lang='lat' dir='ltr'>solitis</span> <span class='ocrx_word' id='word_1_340' title='bbox 1490 2386 1631 2414; x_wconf 78' lang='lat' dir='ltr'>Parentis</span> 
     </span>
     <span class='ocr_line' id='line_1_64' title="bbox 1056 2428 1726 2465; baseline 0.004 -8"><span class='ocrx_word' id='word_1_341' title='bbox 1056 2428 1219 2462; x_wconf 87' lang='lat' dir='ltr'>Laudibus,</span> <span class='ocrx_word' id='word_1_342' title='bbox 1238 2430 1289 2465; x_wconf 86' lang='lat' dir='ltr'>qui</span> <span class='ocrx_word' id='word_1_343' title='bbox 1307 2438 1357 2458; x_wconf 87' lang='lat' dir='ltr'>res</span> <span class='ocrx_word' id='word_1_344' title='bbox 1375 2430 1526 2460; x_wconf 79' lang='lat' dir='ltr'>hominum</span> <span class='ocrx_word' id='word_1_345' title='bbox 1543 2439 1579 2459; x_wconf 80' lang='lat' dir='ltr'>ac</span> <span class='ocrx_word' id='word_1_346' title='bbox 1591 2431 1726 2464; x_wconf 84' lang='lat' dir='ltr'>deorum,</span> 
     </span>
     <span class='ocr_line' id='line_1_65' title="bbox 1061 2474 1727 2510; baseline 0.003 -10"><span class='ocrx_word' id='word_1_347' title='bbox 1061 2474 1119 2508; x_wconf 79' lang='lat' dir='ltr'>Qui</span> <span class='ocrx_word' id='word_1_348' title='bbox 1137 2481 1219 2501; x_wconf 81' lang='lat' dir='ltr'>mare</span> <span class='ocrx_word' id='word_1_349' title='bbox 1238 2482 1274 2501; x_wconf 83' lang='lat' dir='ltr'>ac</span> <span class='ocrx_word' id='word_1_350' title='bbox 1293 2477 1391 2502; x_wconf 84' lang='lat' dir='ltr'>terras</span> <span class='ocrx_word' id='word_1_351' title='bbox 1415 2475 1568 2510; x_wconf 82' lang='lat' dir='ltr'>variisque</span> <span class='ocrx_word' id='word_1_352' title='bbox 1586 2474 1727 2503; x_wconf 80' lang='lat' dir='ltr'>mundum</span> 
     </span>
     <span class='ocr_line' id='line_1_66' title="bbox 1359 2519 1660 2554; baseline 0 -8"><span class='ocrx_word' id='word_1_353' title='bbox 1359 2519 1518 2554; x_wconf 78' lang='lat' dir='ltr'>Temperat</span> <span class='ocrx_word' id='word_1_354' title='bbox 1534 2519 1660 2547; x_wconf 83' lang='lat' dir='ltr'>horis?-</span> 
     </span>
     <span class='ocr_line' id='line_1_67' title="bbox 1056 2563 1646 2599; baseline 0.002 -9"><span class='ocrx_word' id='word_1_355' title='bbox 1056 2563 1142 2591; x_wconf 79' lang='lat' dir='ltr'>Unde</span> <span class='ocrx_word' id='word_1_356' title='bbox 1162 2563 1204 2590; x_wconf 89' lang='lat' dir='ltr'>nil</span> <span class='ocrx_word' id='word_1_357' title='bbox 1223 2564 1319 2591; x_wconf 76' lang='lat' dir='ltr'>maius</span> <span class='ocrx_word' id='word_1_358' title='bbox 1338 2566 1502 2599; x_wconf 81' lang='lat' dir='ltr'>generatur</span> <span class='ocrx_word' id='word_1_359' title='bbox 1518 2563 1595 2599; x_wconf 79' lang='lat' dir='ltr'>ipsq,</span> <span class='ocrx_word' id='word_1_360' title='bbox 1643 2583 1646 2586; x_wconf 63' lang='grc'><em>»</em></span> 
     </span>
     <span class='ocr_line' id='line_1_68' title="bbox 1057 2607 1727 2644; baseline -0.001 -8"><span class='ocrx_word' id='word_1_361' title='bbox 1057 2607 1120 2636; x_wconf 77' lang='lat' dir='ltr'>Nec</span> <span class='ocrx_word' id='word_1_362' title='bbox 1138 2608 1222 2642; x_wconf 76' lang='lat' dir='ltr'>viget</span> <span class='ocrx_word' id='word_1_363' title='bbox 1239 2608 1398 2644; x_wconf 78' lang='lat' dir='ltr'>quicquam</span> <span class='ocrx_word' id='word_1_364' title='bbox 1420 2608 1519 2638; x_wconf 80' lang='lat' dir='ltr'>similo</span> <span class='ocrx_word' id='word_1_365' title='bbox 1545 2610 1598 2635; x_wconf 70' lang='lat' dir='ltr'>aut</span> <span class='ocrx_word' id='word_1_366' title='bbox 1615 2615 1727 2636; x_wconf 73' lang='lat' dir='ltr'>secun-</span> 
     </span>
     <span class='ocr_line' id='line_1_69' title="bbox 1392 2653 1472 2680; baseline -0.013 0"><span class='ocrx_word' id='word_1_367' title='bbox 1392 2653 1472 2680; x_wconf 85' lang='lat' dir='ltr'>dum.</span> 
     </span>
    </p>
   </div>
   <div class='ocr_carea' id='block_1_21' title="bbox 993 2711 1665 2755">
    <p class='ocr_par' dir='ltr' id='par_1_25' title="bbox 993 2711 1665 2755">
     <span class='ocr_line' id='line_1_70' title="bbox 993 2711 1665 2755; baseline -0.004 -8"><span class='ocrx_word' id='word_1_368' title='bbox 993 2713 1096 2747; x_wconf 83' lang='lat' dir='ltr'>Conf.</span> <span class='ocrx_word' id='word_1_369' title='bbox 1120 2714 1209 2746; x_wconf 73' lang='lat' dir='ltr'>Met.</span> <span class='ocrx_word' id='word_1_370' title='bbox 1232 2714 1278 2745; x_wconf 90' lang='grc' dir='ltr'>Π.</span> <span class='ocrx_word' id='word_1_371' title='bbox 1301 2714 1369 2755; x_wconf 81' lang='grc'><strong>60.,</strong></span> <span class='ocrx_word' id='word_1_372' title='bbox 1392 2714 1491 2745; x_wconf 80' lang='lat' dir='ltr'>Fast.</span> <span class='ocrx_word' id='word_1_373' title='bbox 1514 2713 1564 2754; x_wconf 83' lang='lat' dir='ltr'>V,</span> <span class='ocrx_word' id='word_1_374' title='bbox 1589 2711 1665 2744; x_wconf 80' lang='lat'><strong>12⁵.</strong></span> 
     </span>
    </p>
   </div>
   <div class='ocr_carea' id='block_1_22' title="bbox 992 2780 1728 2879">
    <p class='ocr_par' dir='ltr' id='par_1_26' title="bbox 992 2780 1728 2879">
     <span class='ocr_line' id='line_1_71' title="bbox 1038 2780 1725 2830; baseline -0.001 -9"><span class='ocrx_word' id='word_1_375' title='bbox 1038 2790 1092 2822; x_wconf 84' lang='grc'>39.</span> <span class='ocrx_word' id='word_1_376' title='bbox 1126 2789 1288 2822; x_wconf 69' lang='lat' dir='ltr'>Patriae</span> <span class='ocrx_word' id='word_1_377' title='bbox 1310 2790 1443 2822; x_wconf 83' lang='lat' dir='ltr'>rector</span> <span class='ocrx_word' id='word_1_378' title='bbox 1465 2790 1500 2822; x_wconf 85' lang='lat' dir='ltr'>d.</span> <span class='ocrx_word' id='word_1_379' title='bbox 1523 2780 1725 2830; x_wconf 60' lang='lat' dir='ltr'>paterque.</span> 
     </span>
     <span class='ocr_line' id='line_1_72' title="bbox 992 2845 1728 2879; baseline -0.004 -1"><span class='ocrx_word' id='word_1_380' title='bbox 992 2846 1204 2879; x_wconf 71' lang='lat' dir='ltr'>musti-atur</span> <span class='ocrx_word' id='word_1_381' title='bbox 1231 2846 1290 2879; x_wconf 85' lang='lat' dir='ltr'>hic</span> <span class='ocrx_word' id='word_1_382' title='bbox 1317 2846 1423 2879; x_wconf 76' lang='lat' dir='ltr'>locus</span> <span class='ocrx_word' id='word_1_383' title='bbox 1453 2846 1551 2879; x_wconf 75' lang='lat' dir='ltr'>Suet.</span> <span class='ocrx_word' id='word_1_384' title='bbox 1587 2845 1666 2879; x_wconf 82' lang='lat' dir='ltr'>Oct.</span> <span class='ocrx_word' id='word_1_385' title='bbox 1696 2849 1728 2876; x_wconf 56' lang='grc' dir='ltr'>σᾳ</span> 
     </span>
    </p>
   </div>
  </div>
 </body>
</html>
