1846 3146
160 182 258 233 472

404 183 461 235 P.
498 183 722 235 OVIDII
754 185 1070 238 NASONIS
1104 185 1447 244 TRISTIUM

162 303 404 367 Consilio,
442 322 689 358 commune
723 324 914 359 sacrum
944 325 1054 376 cum
1088 310 1173 359 fiat
1205 312 1256 358 in
1289 326 1375 359 ara

225 387 497 452 Fratribus,
534 392 724 441 alterna
760 395 841 458 qui
873 395 1067 462 periere
1098 410 1255 454 manu,

160 471 275 538 Ipsa
310 472 404 522 sibi
438 473 646 536 diseorS‚
682 480 905 542 tanquam
938 475 1191 526 mandetur
1221 475 1283 526 ab
1317 475 1437 536 illis,
1479 479 1482 482 ’
1622 473 1688 524 35

226 552 484 604 Scinditur
516 558 567 605 in
600 563 766 623 partes
800 564 906 609 atra
940 559 1120 609 favilla
1155 558 1291 625 duas.

159 636 288 697 Hoc,
324 641 530 700 memini,
566 641 808 705 quondam
841 643 948 692 fieri
982 659 1080 692 non
1113 656 1262 709 posse
1294 615 1547 706 loquebar,

228 719 295 768 Et
329 736 404 770 me
438 723 694 773 Battiades
729 725 893 776 iudice
925 726 1083 775 falsus
1119 729 1238 774 erat.

161 802 334 853 Omnia
368 819 496 854 nune
530 806 698 868 eredo,
736 823 843 857 eum
875 814 929 858 tu
962 824 1060 857 non
1094 807 1271 856 stultus
1305 807 1366 856 ab
1401 806 1560 856 Arcto

227 886 398 954 Terga
431 904 590 955 vapor
625 889 839 953 dederis,
874 892 1240 955 Ausoniamque
1272 894 1427 957 petas.
1625 890 1692 939 40

160 968 302 1018 Haec
336 971 487 1034 igitur
519 972 608 1021 lux
643 977 735 1033 est,
771 989 911 1038 quae2
929 976 973 1023 si
1007 989 1105 1022 non
1141 977 1251 1022 orta
1282 973 1474 1034 fuisset,

225 1052 384 1102 Nulla
418 1052 513 1102 fuit
544 1056 722 1104 misero
757 1055 888 1106 festa
919 1056 1139 1107 videnda
1171 1055 1301 1118 mihi,

206 1204 269 1237 33:
295 1201 471 1236 Consilio.
523 1206 623 1239 Unus
646 1207 779 1240 Medic.
802 1215 895 1240 con-

162 1257 270 1291 siliis.
315 1261 414 1292 Unus
437 1259 780 1304 Ciof.,Rott.,1un.,
794 1263 895 1305 seg„

162 1316 308 1358 auen„
338 1315 480 1357 Berol.‚
510 1316 565 1346 ed.
591 1325 647 1357 pr.
671 1320 710 1350 et
731 1319 896 1360 reliquae

161 1379 261 1404 saec.
297 1372 375 1404 XV.
416 1370 626 1403 consilium.
695 1373 791 1405 Busl.
817 1372 896 1415 fiet.

162 1427 246 1459 Vat.
272 1426 303 1458 1.
331 1425 371 1458 in
400 1435 513 1459 aura.
537 1443 581 1451 -—-
607 1442 651 1449 —-
679 1428 768 1470 Res,
793 1436 898 1469 quam

162 1482 196 1515 11.
218 1482 244 1515 l.
269 1482 408 1523 tangit,
438 1482 529 1514 haec
554 1483 629 1514 est:
664 1483 836 1516 Eteocles
861 1486 899 1517 et

162 1538 381 1579 Polynices,
420 1537 569 1580 Oedipi,
605 1539 764 1573 infelicis
797 1541 898 1574 illius

161 1594 367 1626 Thebarum
396 1594 496 1635 regis
529 1595 595 1627 filii
631 1595 739 1633 (Vid.
771 1597 818 1628 ad
845 1597 898 1639 H,

163 1649 259 1687 319.)
282 1658 388 1691 quum
412 1651 536 1682 mutuo
553 1650 708 1682 vulnere
726 1651 898 1688 (alterna

162 1713 289 1746 manu,
307 1697 526 1747 ἐπἀλλήλοιν
541 1704 662 1747 χεροῖν
686 1707 796 1747 Soph.
817 1709 898 1740 An-

162 1760 226 1801 tig.
249 1769 285 1792 v.
301 1760 372 1796 57.)
384 1760 616 1803 cecidissent,
638 1763 748 1802 atque
770 1761 807 1793 in
830 1769 897 1794 eo-

163 1816 245 1847 dem
275 1823 369 1857 rogo
405 1816 514 1856 positi
549 1811 723 1858 fuissent,
757 1817 899 1849 flamma

163 1870 201 1902 in
225 1870 314 1902 duas
337 1873 462 1910 partes
486 1870 603 1904 divisa
626 1879 708 1904 esse
730 1874 838 1913 atque
859 1873 898 1905 in

164 1925 243 1966 ipso
266 1933 361 1966 rogo
384 1927 568 1960 discordia
589 1928 746 1960 fratrum
765 1928 898 1959 duras-

164 1989 206 2013 se
228 1981 428 2013 ferebatur.
452 2016 458 2028 N
484 1983 644 2015 Thebani
674 1985 795 2015 autem
817 1984 898 2015 tra-

164 2037 321 2079 debant,
350 2044 424 2069 non
452 2039 527 2069 tum
549 2038 667 2070 solum
685 2037 722 2069 id
745 2038 897 2079 factum,

163 2094 230 2125 sed
253 2093 395 2134 quoties
424 2092 499 2124 illis
529 2093 721 2133 fratribuS,
743 2092 784 2123 ut
805 2091 897 2124 reli-

165 2148 244 2189 quis
274 2149 467 2191 heroibus,
501 2148 780 2194 sacrificarent,
823 2148 896 2179 tam

164 2204 324 2236 flammas
348 2212 453 2246 quam
476 2204 643 2241 emissum
662 2203 745 2236 inde
763 2204 898 2236 fumum

163 2260 333 2299 separari
364 2262 474 2302 atque
501 2260 538 2293 in
574 2260 739 2292 diversas
773 2261 899 2300 partes

165 2315 366 2348 discedere.
434 2316 492 2347 lta
529 2314 690 2349 fabulam
717 2318 899 2348 tractarat

164 2370 200 2402 in
226 2371 389 2402 carmine
419 2370 608 2410 deperdito
641 2370 899 2412 Callimachus,

166 2433 269 2466 quem
293 2425 514 2458 Battiadem
542 2427 575 2457 h.
604 2426 629 2458 1.
659 2428 711 2464 (ν.
735 2425 807 2462 38.)
830 2432 898 2466 ap-

165 2481 297 2523 pellat,
327 2484 367 2514 ut
396 2483 455 2524 11,
494 2482 593 2523 367„
627 2481 687 2513 ubi
721 2481 793 2513 vid.
822 2483 897 2514 not.

166 2537 248 2570 Vid.
291 2537 400 2570 etiam
442 2537 630 2577 spanhem.
671 2537 717 2568 ad
759 2535 899 2569 callim.

166 2591 298 2632 uymn.
322 2592 359 2624 in
389 2592 511 2633 Apoll.
541 2601 577 2624 v.
606 2592 682 2634 65„
712 2581 831 2624 Burmss
853 2592 900 2623 ad

168 2646 235 2680 Ον.
257 2649 381 2680 Amor.
405 2649 438 2689 1,
462 2648 525 2688 15,
556 2647 626 2688 13.,
657 2648 753 2688 Hyg.
781 2649 822 2680 F.
846 2647 900 2679 68.

167 2702 221 2734 71.
267 2703 420 2734 Pausan.
443 2703 502 2734 IX.
527 2710 557 2734 c.
581 2701 649 2743 18„
666 2703 835 2735 Philostr.
853 2703 900 2734 11.

168 2767 200 2791 c.
229 2759 306 2799 29„
338 2758 432 2790 Stat.
459 2758 569 2791 Theb.
597 2759 688 2800 XII,
712 2758 811 2800 431„
835 2757 900 2790 Ov.

168 2813 218 2845 1b.
242 2823 277 2844 v.
300 2813 353 2845 35.
376 2830 420 2836 —-
442 2829 486 2836 -—-
509 2830 549 2836 -
574 2812 610 2845 V
628 2815 682 2845 35.
706 2815 804 2846 Unus
814 2812 899 2845 vat.

168 2867 337 2901 discolor
359 2867 445 2909 ipsa
467 2867 538 2900 sibi
556 2869 747 2910 tanquam.
781 2867 826 2900 V.
845 2868 898 2900 3⁶.

963 1210 1072 1243 Goth.
1101 1206 1245 1250 favilla
1272 1214 1375 1239 suas.
1430 1206 1515 1249 seg.
1544 1213 1568 1239 a
1594 1205 1626 1239 1.
1647 1214 1693 1240 m.

963 1263 1079 1296 tetra.

1008 1320 1062 1352 37.
1095 1317 1177 1350 Hoc
1201 1317 1270 1350 etc.
1321 1317 1423 1351 Leid.
1444 1319 1483 1350 et
1509 1319 1546 1350 11
1570 1318 1635 1362 alii
1656 1319 1695 1353 et

962 1372 1124 1406 memini.
1170 1373 1292 1415 Serv„
1305 1374 1400 1406 Mor.
1415 1374 1452 1405 et
1474 1374 1580 1406 Rern.
1602 1374 1695 1407 haee

962 1437 1068 1462 mem.
1102 1429 1203 1462 Rich.
1218 1428 1406 1469 quondam
1416 1436 1523 1460 mem.
1533 1446 1579 1453 —·
1587 1431 1695 1473 neg„

963 1487 1059 1528 Ρη,
1082 1484 1194 1526 Gau„
1215 1483 1291 1516 Pas.
1315 1484 1363 1526 3.,
1381 1483 1497 1526 Lem,
1520 1484 1604 1526 seg.
1621 1482 1695 1527 βο-
1733 1504 1738 1510 .

963 1540 1002 1573 ri
1026 1541 1064 1572 et
1085 1548 1170 1572 non.
1220 1540 1286 1572 Ed.
1309 1547 1365 1580 pr.
1384 1537 1473 1580 fieri
1494 1539 1587 1573 haec
1607 1548 1695 1573 non.

965 1597 1072 1630 Goth.
1085 1603 1196 1637 posse
1207 1593 1353 1635 putavi.
1377 1596 1484 1628 Serv.
1494 1603 1534 1636 p.
1550 1593 1694 1636 κεραοὶ.

1008 1652 1062 1684 38.
1094 1649 1309 1683 Battiades.
1356 1642 1468 1683 codd.
1490 1650 1594 1682 multi
1610 1650 1695 1682 Ba-

965 1707 1116 1741 chiades
1128 1708 1166 1739 et
1179 1703 1426 1738 Bacchiadas.
1461 1706 1581 1739 Guelf.
1593 1705 1695 1738 Bat-

965 1762 1102 1796 tiadas.
1146 1761 1229 1794 Vid.
1251 1762 1328 1794 not
1349 1762 1397 1794 ad
1418 1763 1471 1804 11,
1490 1762 1566 1795 367.
1589 1763 1627 1794 et
1649 1762 1696 1794 ad

964 1820 996 1862 1,
1020 1819 1100 1861 6,2
1103 1841 1111 1850 .

1008 1875 1062 1907 39.
1097 1873 1186 1906 Non
1208 1871 1358 1906 stultus.
1402 1870 1502 1904 Nihil
1527 1871 1585 1903 est
1605 1870 1697 1903 haec

964 1928 1089 1962 lectio.
1135 1928 1247 1961 Voss.
1275 1934 1351 1959 non
1381 1925 1516 1966 cultus
1566 1924 1698 1958 Scribe

964 1983 1172 2024 consultus,
1196 1982 1348 2015 verbum
1376 1981 1415 2013 in
1437 1980 1625 2013 sacrificiis
1647 1988 1696 2012 u-

963 2039 1111 2072 sitatum
1133 2033 1429 2079 καπνσμάντειαν
1456 2035 1607 2076 respicit
1628 2030 1696 2073 (ἓ).

964 2095 1058 2129 Hinc
1087 2092 1283 2125 consulere
1311 2092 1416 2132 deos,
1457 2091 1578 2133 emta,
1604 2090 1696 2123 alia.

963 2148 1111 2180 Himvs.
1157 2148 1270 2190 „Non
1292 2154 1400 2178 sensu
1418 2147 1525 2179 modo
1546 2145 1697 2187 praedi—

965 2206 1024 2236 tus
1047 2206 1129 2236 erat
1152 2203 1216 2235 ille
1238 2203 1372 2244 fumus,
1401 2203 1465 2234 sed
1487 2211 1562 2235 non
1583 2203 1698 2235 stulte

964 2259 1100 2300 sapuit,
1122 2259 1269 2290 Nasone
1290 2257 1429 2300 iudice,
1453 2265 1533 2290 cum
1556 2259 1699 2291 relictis

964 2313 1174 2355 regionibus
1187 2313 1324 2346 Geticis
1347 2312 1509 2352 (Arcto.
1532 2314 1614 2347 Vid.
1626 2315 1696 2356 111,

966 2369 1022 2411 11,
1045 2370 1093 2406 3.)
1116 2368 1258 2401 Italiam
1280 2377 1410 2402 versus
1443 2370 1615 2413 volaret,
1649 2371 1696 2402 ab

964 2421 1114 2458 hor'rido
1134 2426 1200 2458 illo
1220 2426 1326 2457 coelo
1344 2426 1391 2457 ad
1409 2425 1605 2458 beatiores
1616 2427 1696 2458 tra-

966 2482 1066 2522 ctus,
1089 2480 1168 2521 ipso
1198 2479 1342 2512 scilicet
1371 2479 1485 2523 poeta
1513 2479 1605 2512 idem
1632 2477 1694 2513 fa-

967 2537 1088 2577 cturo,
1109 2535 1140 2566 si
1164 2536 1272 2576 copia
1294 2532 1486 2568 daretur.“
1502 2535 1609 2567 naec
1619 2535 1695 2568 sci—

966 2593 1003 2622 te
1026 2590 1142 2622 Bentl.
1166 2591 1212 2622 ad
1234 2591 1322 2622 lior.
1345 2590 1421 2622 sat.
1444 2590 1494 2631 11,
1516 2590 1552 2631 3,
1576 2588 1651 2621 158.

1010 2643 1294 2686 Ausoniamque.
1346 2645 1428 2677 vid.
1457 2646 1503 2677 ad
1524 2646 1556 2686 1,
1579 2645 1694 2686 2‚192.

966 2717 1010 2724 -—
1022 2702 1110 2733 Exc.
1121 2701 1230 2732 Voss.
1242 2702 1279 2732 et
1291 2701 1366 2732 Iun.
1381 2700 1546 2732 credam.
1571 2701 1696 2742 Goth„

967 2749 1127 2796 Pirckh„
1150 2755 1270 2787 Berol.
1293 2757 1330 2786 et
1352 2757 1441 2788 vett.
1461 2757 1540 2789 edd.
1562 2755 1609 2788 ab
1633 2756 1694 2789 al-

968 2811 1016 2843 to.
1061 2811 1162 2843 Rich.
1185 2810 1232 2842 ab
1256 2809 1376 2842 Istro.

1010 2866 1063 2899 41.
1098 2865 1202 2898 Haec
1228 2865 1357 2908 ἐρίων.
1413 2866 1560 2908 Pal..2.‚
1588 2867 1694 2909 neg„
