1846 3146
181 189 282 240 204

435 190 494 241 P.
529 176 753 242 ovmn'
786 189 1102 243 NASONIS
1136 191 1478 247 TRISTIUM

178 311 294 362 Nec
316 316 584 363 contentus
617 328 693 375 ea,
727 314 904 364 multos
938 316 1169 382 vulgavit
1202 331 1407 378 amoreS,

245 395 304 444 In
339 395 511 461 quibus
542 397 652 463 ipse
684 413 822 446 suum
856 397 1019 447 fassus
1052 398 1343 448 adulterium
1383 402 1474 449 est.

1605 388 1704 451 430

177 478 277 528 Par
310 479 404 528 fuit
436 480 605 543 exigui
637 480 903 545 similisque
936 480 1137 530 licentia
1171 479 1338 543 Calvi,

245 559 453 611 Detexit
483 563 638 611 variis
673 564 755 627 qui
787 579 877 612 sua
908 562 1039 612 furta
1069 562 1239 613 modis.

179 644 311 706 Quid
335 644 553 718 ‘referam
569 644 794 706 Ticidae,
830 645 947 711 quid
963 647 1159 695 Memmi
1177 661 1388 708 carmen,
1421 645 1553 714 apud
1584 662 1706 713 quos

245 728 414 778 Rebus
448 726 591 777 adest
622 735 792 778 nomen·
829 716 1195 795 nominibusque
1226 728 1422 796 pudor?

177 878 264 913 nius
286 879 547 912 Romanorum
569 877 681 921 bella,
705 876 908 912 Lucretius

175 933 352 976 physicen
398 933 455 966 sic
485 933 652 968 Catullus
695 933 840 966 ludicra
871 936 909 967 et

176 986 362 1024 lasciva.“
405 988 587 1037 Lascivus!
604 997 692 1021 sane
715 990 907 1023 estCatul-

177 1046 252 1089 lus,
280 1047 345 1079 sed
373 1044 412 1077 in
446 1044 658 1086 perpaucis3
699 1053 826 1077 verum
861 1052 908 1078 ex

177 1100 296 1133 Ovidii
317 1108 359 1133 re
383 1102 486 1142 erat,
514 1107 561 1131 ex
589 1100 657 1131 hac
686 1100 908 1140 potissimum

176 1159 284 1198 parte
307 1163 388 1188 eum
402 1156 625 1198 describere,
638 1157 746 1196 atque
766 1155 909 1187 omnino

178 1219 259 1243 eum
282 1211 460 1244 lascivum
477 1211 679 1243 declarare.
726 1212 844 1251 Atque
867 1218 909 1243 e-

177 1268 307 1300 andem
329 1266 376 1299 ob
400 1273 565 1298 caussam
587 1274 661 1298 non
686 1267 909 1307 urguendum

123 1336 129 1342 ³
177 1322 339 1365 videtur,
363 1323 457 1363 quod
481 1322 600 1354 omnia
621 1321 688 1353 illa
710 1322 831 1362 turpia
853 1324 908 1360 (v.

176 1379 287 1421 4300,
319 1385 412 1419 quae
440 1377 562 1418 lepide
598 1376 694 1409 canit
728 1377 908 1419 catullus,

177 1433 483 1475 elegantissimum
499 1431 681 1466 Catullum
703 1432 819 1473 ipsum
840 1441 908 1474 pa-

176 1490 297 1521 trasse
321 1489 432 1530 dicat,
454 1488 543 1520 licet
565 1488 644 1529 ipse
667 1486 834 1521 catullus
864 1488 910 1520 de

178 1544 247 1577 hac
269 1552 312 1576 re
335 1541 613 1586 praecepisset:-

242 1611 317 1640 Nam
335 1615 451 1641 castum
470 1619 538 1640 esse
557 1612 646 1640 decet
661 1610 743 1646 pium
765 1611 885 1647 poetam

241 1657 356 1695 Ipsum,
374 1657 544 1686 versiculos
561 1656 639 1685 nihil
655 1656 754 1685 decet.

178 1729 271 1762 Hinc
299 1727 384 1760 mihi
412 1727 521 1760 etiam
551 1735 682 1761 vanam
700 1723 795 1759 dare
818 1733 910 1768 ope-

179 1794 258 1818 ram
281 1785 471 1825 videntur,
505 1783 580 1825 qui,
610 1789 702 1824 quae
724 1783 812 1815 illae
836 1783 909 1817 Ca-

177 1839 260 1873 tulli
283 1838 420 1872 amicae
443 1838 601 1879 fuerint,
632 1839 768 1871 curiosi
795 1847 909 1880 quae-

176 1896 274 1928 runt.
318 1895 397 1927 Nec
420 1893 618 1925 audiendus
641 1894 832 1938 Apuleius,
851 1895 910 1936 qui

177 1951 213 1984 in
237 1949 346 1991 Apol.
369 1949 487 1990 prima
508 1947 653 1980 scribit:
676 1948 821 1981 Eadem
833 1950 908 1993 iqi-

177 2008 244 2040 tur
268 2013 389 2046 opera
417 2003 599 2036 accusent
630 2002 669 2035 0.
701 2003 906 2047 Catullum,

176 2059 256 2103 qui
277 2058 493 2093 Lesbiam
514 2066 614 2099 pro>
632 2057 799 2091 Clodia
821 2068 907 2091 no-

175 2116 265 2149 min
279 2114 395 2157 avit,
437 2114 475 2147 et
512 2112 684 2146 Ticidam
715 2112 907 2158 similiter,

177 2164 278 2214 quod
299 2179 395 2213 quae
416 2163 583 2202 Metella*
599 2169 697 2211 erat,
720 2168 907 2202 Perillam

175 2225 391 2269 scripserit.
443 2227 528 2267 Seg.
551 2233 575 2256 a
598 2225 628 2257 1.
651 2234 696 2257 m.
720 2225 908 2257 contemta

176 2284 235 2316 est
263 2283 379 2316 Musa
411 2279 492 2313 Cat.
549 2281 596 2313 V.
619 2280 696 2314 428.
729 2281 808 2314 Rel.
837 2290 908 2323 pro

176 2349 212 2372 v.
234 2347 307 2372 scr.
328 2345 461 2382 nomen
483 2335 604 2368 habet.

225 2415 302 2449 429.
335 2415 469 2451 Franc.
491 2423 559 2455 pro
582 2424 618 2447 v.
647 2423 737 2458 scr„
759 2415 836 2459 Pal.
861 2414 907 2457 1.,

178 2478 258 2503 exc.
283 2470 391 2503 Voss.
417 2473 454 2502 et
472 2469 583 2503 Valii
606 2470 727 2503 Heius.
751 2472 788 2501 et
810 2469 910 2500 eius-

179 2527 259 2558 dem
289 2526 345 2557 ed.
375 2534 441 2565 pr„
460 2525 620 2557 content.
651 2532 706 2556 eo.
758 2524 804 2557 V.
832 2523 908 2569 430.

179 2580 296 2621 Leid.,
319 2581 414 2612 Mor.
440 2582 477 2612 et
498 2580 534 2613 V
562 2580 625 2612 alii
649 2579 771 2612 Heins.
796 2578 910 2612 estin

177 2636 248 2669 fine
279 2635 455 2668 omittunt.
518 2636 607 2668 Post
635 2642 742 2666 suum
771 2635 911 2674 ponunt

177 2691 345 2734 Pirckh.,
374 2692 474 2734 Bel.,
498 2691 634 2734 Berol.,
660 2693 697 2724 et
719 2691 804 2731 post
823 2689 910 2731 fas—

176 2756 241 2780 sus
264 2747 372 2781 Crev.

221 2825 298 2859 431.
333 2825 474 2860 Calvus
503 2823 569 2862 (C.
599 2810 781 2860 Licinius)
820 2821 909 2853 insi-

176 2880 258 2924 gnis
297 2884 425 2915 orator
447 2882 558 2921 atque
582 2878 694 2921 poeta
702 2900 716 2921 ,
749 2877 909 2919 aequalis

976 879 1114 914 catulli
1146 886 1192 913 ac
1224 878 1423 915 Ciceronis.
1489 879 1632 912 lambos
1668 874 1708 913 et

975 935 1234 976 epigrammata
1263 933 1480 977 composuit,
1512 934 1549 967 in
1578 935 1704 976 quibus

974 990 1158 1031 principes
1182 990 1364 1032 civitatis,
1391 989 1563 1032 imprimis
1597 992 1706 1023 Pom-

974 1045 1094 1086 peium
1122 1048 1159 1078 et
1183 1046 1444 1088 c.caesarem‚
1464 1046 1707 1079 insectaretur

975 1101 1069 1139 (Cic.
1092 1102 1137 1133 ad
1161 1102 1259 1134 Fam.
1281 1103 1362 1135 vn.
1385 1101 1481 1143 240,
1504 1104 1542 1134 et
1563 1103 1705 1134 amato-

975 1148 1055 1199 ria,'
1075 1156 1184 1189 valde
1212 1157 1366 1191 lasciva.
1427 1158 1536 1198 Prop.
1566 1158 1617 1198 Π,
1645 1157 1706 1199 25,

975 1212 1045 1254 89.,
1068 1212 1160 1244 ΡΙίιι.
1182 1212 1297 1253 Epist.
1321 1212 1384 1244 IV.
1399 1212 1447 1254 3.,
1467 1211 1706 1246 senec-Con-

975 1268 1071 1299 trov.
1100 1268 1164 1299 111.
1195 1275 1226 1299 c.
1258 1266 1335 1308 19„
1367 1268 1456 1300 Hor.
1485 1268 1563 1300 Sat.
1584 1269 1618 1310 1,
1647 1267 1734 1310 lo,.

976 1322 1056 1364 19„
1091 1323 1134 1355 A.
1173 1321 1268 1354 Gell-
1308 1322 1353 1354 N.
1393 1323 1437 1354 A.
1481 1323 1575 1355 xlx.
1609 1331 1641 1355 c.
1674 1322 1706 1354 9.

974 1378 1176 1412 VVeichert.
1220 1377 1418 1410 comment.
1466 1378 1513 1410 de
1549 1376 1590 1411 G.
1626 1376 1705 1410 Lic.

975 1434 1092 1469 calvo
1137 1433 1238 1466 Orat.
1284 1434 1321 1464 et
1365 1432 1488 1474 poeta.
1559 1431 1705 1467 Grimm.

976 1489 1073 1523 1825.

1020 1553 1211 1597 Eaeiyuam
1233 1554 1310 1587 eius
1332 1555 1510 1588 staturam
1521 1553 1617 1588 ridet
1633 1554 1707 1590 Ca·-

975 1607 1088 1645 tussus
1112 1611 1232 1645 Carm.
1254 1611 1309 1643 53.

1019 1677 1096 1710 Pal.
1121 1677 1152 1709 1.
1185 1676 1368 1719 simulque
1402 1674 1463 1709 lic.
1513 1676 1609 1709 Busl.
1642 1673 1704 1708 lic.

975 1731 1120 1766 Bacchi
1140 1733 1202 1766 vel
1223 1731 1344 1767 Calvi.

989 1849 1002 1853 -
1021 1823 1098 1857 432.
1132 1823 1260 1856 Furta
1282 1821 1450 1857 Heinsius
1485 1827 1508 1853 e
1541 1820 1594 1852 111
1612 1816 1708 1852 scri-

976 1876 1047 1921 ptis
1077 1880 1196 1921 dedit,
1218 1880 1313 1920 quod
1331 1877 1547 1911 confirmant
1571 1875 1708 1916 Guelf„

976 1935 1121 1976 Dresd.,
1144 1935 1267 1978 Rern„
1291 1936 1374 1976 seg.
1398 1940 1422 1965 a
1443 1932 1477 1963 2.
1499 1929 1708 1973 m.,13erol.,

975 1991 1013 2021 et
1034 1989 1124 2021 illud
1153 1987 1309 2021 detexit.
1361 1987 1440 2020 Art.
1472 1986 1517 2017 Δ.-
1547 1985 1598 2026 11,
1627 1983 1706 2015 428.
1727 2022 1742 2035 l

1038 2063 1143 2095 Flecte
1153 2063 1213 2090 iter
1224 2063 1256 2090 et
1272 2060 1387 2088 monitu
1405 2058 1514 2094 detege
1531 2056 1612 2084 furta
1628 2060 1705 2084 meo.

973 2131 1056 2164 Vid.
1078 2133 1154 2164 not.
1177 2131 1225 2162 ad
1253 2139 1289 2162 v.
1311 2128 1388 2160 249.
1412 2128 1449 2159 et
1471 2125 1548 2158 440.
1598 2125 1703 2159 Reli-

974 2187 1034 2228 qui
1063 2188 1167 2219 codd.
1198 2187 1236 2218 et
1263 2185 1352 2217 vett.
1382 2182 1461 2214 edd.
1481 2180 1604 2223 facta,
1635 2179 1706 2213 nisi

973 2242 1068 2283 quod
1091 2242 1176 2283 Seg.
1200 2248 1223 2273 a
1246 2239 1278 2272 1.
1299 2247 1345 2272 ιιι.
1368 2240 1406 2270 et
1427 2238 1505 2269 Iun.
1525 2235 1626 2278 fata.

1017 2324 1094 2357 433.
1132 2322 1297 2356 Ticidae.
1341 2319 1477 2355 Heinsii
1489 2320 1544 2352 ed.
1556 2327 1614 2360 pr.
1627 2318 1705 2358 Ty-

974 2379 1091 2413 ciden.
1158 2378 1333 2418 Reliquae
1367 2376 1446 2407 edd.
1484 2383 1583 2408 saec.
1623 2374 1708 2407 XV.

980 2436 1135 2469 Tindae.
1188 2434 1264 2467 Pal.
1289 2432 1318 2465 1.
1347 2430 1517 2464 Tilidem.
1568 2429 1646 2461 Pal.
1673 2428 1705 2459 2.

977 2493 1014 2524 et
1036 2490 1156 2523 Berol.
1185 2487 1344 2521 Titiden.
1403 2487 1501 2520 Gall.
1529 2482 1704 2531 Tic-idem.

976 2547 1076 2587 Leid.
1105 2543 1269 2577 Ticiden.
1321 2541 1401 2575 Rel-
1431 2542 1469 2574 et
1491 2540 1706 2572 ed.'Bonon.

981 2600 1115 2640 Titiae,
1138 2609 1171 2640 q.
1193 2607 1224 2631 e.
1252 2596 1410 2630 Ticidae.
1465 2595 1571 2629 Goth.
1599 2593 1703 2625 Tha-

977 2654 1095 2688 ciden.
1140 2654 1248 2688 crev.
1262 2651 1436 2693 Caenide,
1459 2660 1493 2692 q.
1516 2658 1547 2682 e.
1567 2647 1705 2682 oachi-

976 2711 1059 2743 dae.
1106 2710 1201 2742 Busl.
1230 2707 1406 2741 Tochida.
1451 2705 1578 2744 Dresd.
1603 2702 1706 2735 Aea-

974 2764 1103 2797 cidem.
1155 2765 1228 2796 Par
1263 2763 1427 2796 varietas
1454 2762 1491 2794 in
1521 2757 1707 2803 scriptura

976 2818 1139 2853 Memmi.
1213 2821 1309 2852 Mor.
1354 2819 1392 2850 et
1435 2815 1516 2849 Bel.
1560 2811 1703 2846 Menai.

976 2875 1136 2917 Pirckh.,
1164 2874 1291 2908 Dresd.
1322 2880 1390 2915 pro
1421 2881 1456 2905 v.
1482 2879 1569 2912 scr„
1599 2870 1705 2904 Goth.
