1846 3146
143 207 242 256 518

393 205 448 253 P.
486 203 709 255 0V1D11
743 200 1059 253 NASONIS
1094 155 1437 251 TRISTIUM
1490 190 1496 194 ⁸

143 329 337 392 Perque
372 326 479 375 dies
514 326 691 376 multos
725 325 896 374 lateris
930 323 1225 374 eruciatibus
1256 338 1388 383 uror,
1453 355 1455 357 -
1530 352 1533 353 ν
1641 318 1674 369 5

211 410 319 460 Sed
356 410 486 476 quod
520 425 617 459 non
649 408 843 458 modico
878 408 1066 472 frigore
1099 405 1445 466 laesitthiems.
1557 401 1562 406 ’

146 493 206 544 Si
240 500 398 543 tamen
432 496 539 559 ipse
570 492 729 552 valeS‚
766 492 932 556 aliqua
964 505 1055 539 nos
1089 492 1229 555 parte
1262 487 1509 538 valemus:

214 576 404 643 Quippe
438 592 545 625 mea
579 580 655 625 est
686 575 898 624 humeris
933 573 1059 622 fulta
1091 574 1231 621 ruina
1264 573 1374 620 tuis.

148 659 243 719 Qui
277 661 390 708 mihi
427 676 533 709 eum
569 658 768 708 dederis
802 658 1020 722 ingentia
1052 656 1275 721 pignora,
1313 669 1514 720 cumque

213 744 313 792 Per
346 759 570 792 numeros
606 757 772 791 omnes
802 740 898 789 hoe
933 745 1102 787 tueare
1138 742 1311 803 caput3

148 903 285 936 mentis
307 903 458 936 traaez‘.“
507 905 577 946 111,
599 905 636 946 8,
659 905 729 946 25.,
752 904 822 945 IV,
846 904 882 944 6,

150 961 205 992 39.
251 961 304 993 De
335 959 450 992 verbo
480 959 636 991 trahere
659 960 727 991 hac
751 959 789 992 vi
811 958 883 991 vid.

149 1017 197 1047 ad
222 1017 273 1058 11,
296 1015 372 1047 254.
425 1017 502 1048 Iun.
525 1012 840 1047 mentis—traxi.

194 1070 226 1103 4.
269 1069 393 1102 Vacet.
446 1073 564 1113 Mor„
595 1071 763 1113 Pirckh.,
792 1072 886 1111 Iun.,

151 1125 225 1157 VII
247 1125 310 1157 alii
334 1125 455 1157 Heius.
479 1129 516 1159 et
536 1128 591 1159 ed.
610 1129 746 1159 Bonon.
768 1125 886 1168 foret,

151 1183 246 1223 quod
276 1182 431 1223 rectius3
468 1184 570 1214 certe
601 1182 765 1224 vulgaris
795 1189 887 1213 con-

149 1239 303 1270 suetudo
349 1237 520 1278 loquendi
555 1237 674 1278 poscit
713 1237 887 1277 imperfe-

154 1296 260 1326 ctum.
309 1294 403 1325 Vide
429 1295 550 1325 tamen
577 1294 653 1325 not.
684 1294 732 1324 ad
753 1293 803 1334 Π,
832 1291 886 1323 79.

155 1348 209 1381 80.
254 1349 333 1381 Bel.
358 1357 381 1380 a
405 1348 435 1380 1.
462 1357 508 1380 m.
531 1347 740 1380 tormentis.

198 1406 229 1437 6.
264 1405 341 1436 Sed
363 1404 464 1446 quod
485 1412 562 1435 non
579 1403 740 1436 modico.
787 1403 887 1438 Maff.

152 1467 209 1492 me
226 1467 370 1501 quoque
384 1468 458 1491 uon
472 1457 630 1491 modico.
676 1460 887 1493 Emendate.

155 1515 266 1549 θιοιν.
312 1518 411 1548 Idem
434 1517 546 1556 Reg.,
576 1515 678 1547 Leid.
705 1518 743 1548 et
765 1516 887 1548 Heius,

154 1573 210 1604 ed.
235 1581 289 1612 pr.
312 1588 357 1594 -—
378 1573 467 1604 Exc.
492 1573 600 1604 Voss.
623 1570 667 1602 at
687 1578 781 1611 quae
802 1578 888 1602 non.

155 1628 263 1660 Goth.
294 1636 317 1659 a
345 1628 376 1659 2.
409 1637 454 1659 m.
478 1627 515 1658 in
544 1634 616 1658 ras.
640 1624 696 1658 sic
723 1634 781 1658 me
803 1634 889 1657 non.

156 1684 253 1715 Busl.
284 1687 320 1716 et
350 1684 496 1716 Pirckh.
527 1683 564 1715 et
591 1681 694 1724 quod
721 1689 808 1712 non.
854 1681 890 1712 11

156 1739 278 1771 Heius.
302 1742 339 1771 et
363 1740 493 1771 Dresd.
517 1747 540 1771 a
564 1738 595 1771 1.
617 1747 662 1771 m.
686 1737 753 1769 sed
781 1744 891 1779 quem

155 1802 243 1827 non.
289 1797 325 1828 11
348 1796 470 1828 Heius,
488 1795 559 1827 secl
571 1793 661 1836 quia
674 1800 760 1825 non.
805 1792 892 1824 Vat.

155 1848 203 1890 1.,
226 1851 331 1882 Serv.
355 1852 393 1883 et
423 1853 511 1883 vett.
535 1851 615 1882 edd.
639 1850 789 1891 praeter
817 1838 913 1880 Bo?

156 1913 242 1937 non.
256 1903 332 1937 'sed
353 1905 451 1946 quod
470 1904 509 1936 in
528 1903 737 1936 immodico.
770 1903 891 1937 Guelf.

156 1968 181 1992 a
202 1961 234 1992 2.
256 1969 301 1992 m.
325 1964 362 1994 et
385 1963 421 1994 11
450 1961 574 2002 Heius.
598 1968 656 1992 me
686 1958 777 2001 quia
806 1967 892 1991 non.

157 2015 253 2047 Mor.
276 2015 376 2056 quod
397 2024 455 2048 me
477 2024 562 2047 non.
614 2014 758 2055 Reliqui
789 2015 894 2048 codd.

159 2070 227 2102 sed
249 2071 350 2111 quod
371 2080 461 2112 non,
485 2073 525 2102 ut
540 2070 654 2110 vulgo
669 2071 799 2101 editur.
830 2071 895 2101 In-

160 2126 342 2166 terpretes
374 2135 447 2159 non
477 2126 656 2158 immerito
684 2124 838 2157 haerent
858 2124 895 2156 in

86 2183 96 2195 ”
157 2182 223 2214 illo
247 2182 323 2214 sed.
369 2182 461 2215 Hinc
482 2182 650 2214 Heinsius
677 2179 834 2213 coniecit
854 2177 897 2210 id

159 2239 259 2279 quod
287 2247 363 2270 non
394 2238 457 2270 vel
486 2246 604 2270 saeva
630 2237 730 2278 quod
758 2235 893 2267 immo-

160 2292 258 2334 dico,
282 2295 510 2326 Scin-aderus
533 2294 576 2326 ut
598 2292 708 2334 quod,
726 2290 789 2323 alii
808 2289 893 2322 alia.

162 2350 251 2382 Mihi
280 2358 371 2382 vero
402 2350 495 2382 ferri
522 2357 632 2390 posse
664 2349 808 2380 videtur
829 2345 896 2378 sed

163 2404 280 2445 quod,
298 2405 370 2437 sic:
394 2414 466 2446 per
490 2405 571 2438 dies
593 2402 732 2436 multos
749 2425 757 2433 .
782 2424 791 2432 .
817 2424 826 2432 .
850 2409 896 2432 u-

163 2468 235 2492 ror
258 2462 371 2501 (quod
395 2463 516 2493 tamen
539 2468 612 2492 non
631 2460 762 2491 natura
786 2458 822 2489 et
840 2449 896 2489 inl-

163 2517 361 2549 terioribus
401 2516 539 2548 caussis
580 2522 729 2555 aegrum
760 2514 898 2545 factum

163 2573 259 2613 est),
287 2572 354 2604 sed
385 2569 485 2613 quod
518 2569 716 2602 immodico
747 2568 898 2612 friyore

163 2626 281 2660 hiems
304 2627 426 2660 laesit.

208 2684 238 2716 8.
274 2684 348 2717 Cic.
374 2686 457 2725 post
480 2684 570 2716 Red.
594 2682 632 2714 et
653 2682 786 2713 horum
805 2687 897 2711 con-

165 2741 289 2771 sulum
312 2739 448 2771 ruinas
466 2747 544 2779 vos,
565 2737 748 2775 consules,
767 2733 900 2766 vestra

164 2794 308 2827 virtute
327 2793 503 2837 fulsisti-9.
549 2792 766 2833 metaphora
779 2784 897 2820 sumta'

165 2861 188 2883 a
211 2851 359 2884 ruinoso
372 2850 553 2891 aedificio,
566 2849 659 2889 quod
679 2845 809 2879 fulcris
831 2853 896 2876 su·-

166 2907 333 2938 stinetur.
381 2905 484 2938 conf.
511 2906 542 2945 Ι,
566 2905 600 2945 6,
624 2906 671 2945 5.,
699 2904 749 2944 V,
775 2902 831 2942 12,
855 2900 894 2936 11

1612 691 1684 783 10*

950 917 991 923 —
1001 899 1070 941 13„
1093 899 1196 931 Pont.
1219 898 1270 940 11,
1285 897 1323 940 3,
1338 897 1392 929 6⁰.
1436 896 1512 928 Iun.
1527 895 1565 927 et
1579 893 1681 927 Leid.

952 954 1102 987 carina.

995 1021 1027 1052 9.
1065 1018 1135 1059 Qui
1155 1016 1257 1050 mihi.
1308 1014 1464 1060 Fraus„
1494 1018 1590 1049 Mor.
1613 1022 1682 1055 pro

952 1086 987 1109 v.
1010 1084 1099 1118 scr.,
1122 1074 1268 1107 Pirckh.
1292 1075 1330 1107 et
1353 1073 1473 1106 Guelr.
1500 1069 1590 1114 quid
1610 1068 1684 1101 mi-

954 1131 1005 1173 hi,
1018 1132 1112 1172 quod
1125 1130 1265 1171 recepit
1275 1130 1523 1161 Burmannnus
1534 1126 1683 1157 inducto

955 1190 1039 1229 post
1087 1193 1225 1227 peccas
1268 1184 1374 1225 signo
1419 1179 1686 1222 interrogandi,

955 1242 1026 1274 hoo
1049 1248 1177 1273 sensu:
1202 1239 1292 1283 quid
1312 1237 1419 1278 (mihi
1450 1245 1536 1270 cum
1570 1259 1580 1268 .
1615 1259 1623 1267 .
1657 1236 1686 1272 .)

953 1293 1119 1338 peccas?
1147 1296 1287 1329 Verum
1316 1293 1382 1336 qua·
1405 1295 1442 1325 et
1468 1290 1688 1324 affirmativa

956 1352 1077 1386 oratio
1107 1351 1181 1384 leni
1210 1350 1265 1383 illi
1295 1346 1545 1389 admonitioni,
1571 1345 1688 1387 qualis

956 1410 1003 1441 ad
1032 1408 1186 1440 amicum
1215 1407 1287 1437 tam
1312 1404 1496 1436 sincerum
1518 1409 1599 1434 esse
1622 1402 1688 1432 de-

953 1465 1032 1506 bet,
1062 1459 1436 1496 accommodatissima
1466 1459 1538 1499 est,
1565 1464 1612 1488 ne
1639 1455 1690 1487 il-

954 1519 1018 1551 lud
1033 1519 1164 1559 dicam,
1178 1519 1270 1549 vett.
1281 1516 1460 1548 librorum
1471 1519 1586 1554 prope
1598 1519 1689 1543 con-

954 1582 1100 1607 sensum
1122 1575 1216 1605 hane
1248 1570 1468 1611 scripturam
1492 1567 1690 1600 vindicare.

955 1633 1003 1665 Et
1025 1630 1186 1663 insolens
1209 1634 1298 1659 sane
1328 1627 1366 1658 et
1387 1631 1516 1665 parum
1538 1622 1690 1663 elegans

957 1685 1171 1727 compositio
1200 1681 1398 1715 verborum
1439 1676 1691 1720 quid—pec-

957 1739 1051 1775 cas?
1074 1740 1182 1773 etiam
1205 1746 1266 1779 eo,
1279 1736 1390 1778 quod,
1406 1742 1486 1766 cum
1501 1731 1592 1775 quia
1604 1740 1694 1764 sen-

957 1796 1108 1830 tentiam
1143 1792 1329 1832 ordiatur,
1367 1788 1520 1822 verbum
1553 1793 1692 1829 peccas

959 1853 1100 1884 demum
1129 1849 1166 1882 in
1195 1849 1266 1881 fine
1294 1845 1400 1879 tertii·
1421 1842 1598 1876 versiculi
1628 1846 1692 1877 se-

959 1907 1091 1948 quitur.
1136 1896 1273 1937 Sensus
1296 1904 1333 1934 et
1353 1900 1446 1933 ordo
1461 1897 1520 1931 hio
1534 1899 1606 1930 est:
1629 1894 1695 1938 qui

961 1969 1048 1994 cum
1070 1958 1221 1992 dederis
1233 1983 1242 1991 .
1254 1982 1262 1991 .
1277 1963 1449 1998 .cumque
1474 1954 1607 1986 tueare
1619 1976 1627 1983 .
1639 1975 1648 1982 .
1661 1962 1693 1991 .,·

960 2034 1005 2041 —-
1018 2025 1060 2048 eo
1072 2016 1197 2055 (uno),
1216 2013 1316 2055 quod
1327 2036 1336 2045 .
1349 2035 1358 2044 .
1371 2033 1394 2053 .,
1411 2017 1564 2051 peccas,
1575 2015 1692 2040 rem-

961 2080 1030 2114 que
1050 2070 1155 2112 piam
1175 2067 1357 2109 praestas
1379 2066 1416 2097 et
1436 2063 1527 2096 mihi
1549 2062 1695 2095 verba

961 2134 1087 2167 neyaS.
1131 2126 1250 2164 Atque
1267 2123 1348 2154 inde
1363 2120 1472 2153 etiam
1484 2121 1587 2160 patet
1597 2118 1694 2151 scri-

962 2185 1106 2223 pturam
1140 2178 1321 2219 praestas
1359 2174 1394 2208 si
1427 2172 1518 2207 mihi
1551 2183 1586 2206 v.
1625 2172 1695 2214 12„

940 2240 1066 2277 'quam
1089 2234 1258 2266 exhibent
1282 2233 1389 2265 Goth.
1410 2231 1449 2264 in
1476 2237 1567 2272 ras„
1588 2230 1696 2271 neg„

962 2292 1074 2332 Gall„
1098 2298 1176 2321 exc.
1198 2289 1323 2330 Voss„
1354 2286 1516 2328 Pirckh.,
1542 2287 1696 2327 Rei-sm„

961 2348 1110 2387 Franc„
1133 2345 1210 2376 Pal.
1233 2343 1282 2385 2.,
1294 2342 1414 2375 Guelf.
1432 2344 1470 2374 et
1492 2335 1696 2382 nerei-(2),

962 2402 1118 2441 itemque
1141 2399 1363 2440 scripturam
1387 2399 1482 2431 Mor.
1502 2405 1585 2430 cum
1607 2394 1698 2428 mihi

962 2457 1170 2488 mendosam
1202 2461 1294 2486 esse.
1325 2469 1368 2475 -
1398 2451 1570 2486 Ceterum
1600 2451 1697 2487 aliae

963 2514 1048 2543 suut
1071 2521 1105 2543 v.
1130 2510 1182 2542 12.
1206 2508 1412 2542 variantes:
1435 2506 1697 2548 Dresd.quod-

963 2576 1032 2610 que
1052 2565 1155 2608 pium
1168 2564 1358 2605 praestat.
1403 2564 1438 2596 11
1451 2563 1572 2596 Heius.
1585 2561 1697 2604 quid-

964 2631 1033 2665 que
1053 2620 1156 2663 pium
1170 2619 1362 2661 praestas.
1387 2618 1490 2651 Leid.
1503 2620 1541 2650 et
1551 2617 1697 2650 Pirckh.

962 2687 1030 2719 pro
1054 2687 1088 2710 v.
1111 2685 1185 2709 scr.
1206 2682 1359 2716 remque
1380 2674 1481 2706 male
1500 2671 1694 2714 praestas.

964 2735 1085 2775 Serv„
1108 2733 1224 2774 Leid,
1248 2732 1284 2763 11
1309 2730 1373 2763 alii
1386 2730 1524 2771 Heius„
1536 2728 1696 2759 eiusdem

965 2791 1020 2822 ed.
1051 2798 1127 2830 pn,
1161 2789 1198 2819 et
1226 2786 1346 2818 Berol.
1370 2785 1437 2817 sed
1464 2782 1565 2816 mihi.
1611 2783 1697 2824 Seg.

965 2852 1032 2878 nec
1053 2843 1153 2876 mihi.
1198 2844 1292 2883 Put.,
1316 2841 1533 2882 Mor.,1un.,
1556 2838 1628 2871 vn
1652 2844 1696 2868 a-

966 2899 1003 2931 iii
1033 2898 1179 2939 Heius„
1206 2896 1285 2929 Bel.
1318 2898 1355 2928 et
1386 2895 1492 2929 crev.
1523 2891 1564 2925 m·
1596 2889 1697 2923 milui.
