1846 3146
219 174 327 224 30'

463 174 517 223 P.
553 175 774 225 OVIDII
808 174 1122 227 NASONIS
1157 176 1497 228 TRISTIUM
1526 200 1529 202 ·

219 296 450 361 Quaeque
484 297 638 359 volet,
671 304 778 346 rata
810 300 922 358 sint,
956 297 1215 364 ablataque
1245 301 1478 365 principis
1511 301 1585 349 ira

285 378 501 429 Sedibus
535 382 585 428 iu
618 383 789 446 patriis
824 380 909 429 det
940 381 1054 430 mihi
1085 397 1236 447 posse
1269 372 1402 431 mori.
1436 409 1503 416 —

220 462 287 510 Ut
318 477 526 528 peragas
560 463 798 524 mandata,
833 465 975 524 liber,
1011 466 1274 531 culpabere
1308 465 1495 526 forsan,

1669 463 1736 512 35

286 545 573 610 lagenisque
606 549 760 595 minor
794 547 941 596 laude
975 548 1138 597 ferere
1165 551 1272 598 mei.

219 627 402 676 Iudicis
437 628 648 677 officium
683 635 773 691 est,
809 637 862 679 ut
895 647 992 692 reS‚
1027 633 1096 680 ita
1130 637 1347 698 tempora
1380 645 1539 679 rerum

285 711 558 770 Quaerere:
597 715 815 777 quaesito
850 719 1065 780 tempore
1098 720 1228 763 tutus
1263 717 1376 764 eris.

221 793 447 844 Carmina
480 786 775 861 proveniunt
809 798 965 844 animo
1002 796 1214 845 deducta
1247 812 1452 858 seren03

283 877 470 926 Nubila
503 883 615 926 sunt
647 879 819 929 subitis
854 884 1070 946 tempora
1103 884 1271 929 nostra
1302 879 1457 929 malis.

218 1036 323 1075 Reg„
346 1034 456 1074 Mor„
490 1033 601 1075 Busl.,
631 1041 710 1065 exc.
742 1033 866 1077 Voss.,
899 1035 946 1067 fr.

219 1093 325 1133 Rev„
348 1091 425 1121 Iun.
432 1110 448 1131 ,
470 1087 616 1120 Pirckh.
642 1091 679 1120 et
700 1091 733 1121 X
755 1090 816 1121 alii
834 1090 947 1122 Hein-

206 1147 309 1179 .siani
326 1155 405 1178 cum
420 1145 577 1176 eiusdem
591 1145 644 1176 ed.
660 1153 729 1186 pr.,
743 1146 841 1186 seg„
851 1146 947 1188 Rel.,

183 1216 185 1218 ·
218 1202 342 1243 Crev„
365 1200 485 1232 Berol.
510 1202 547 1231 et
569 1201 624 1231 ed.
644 1201 782 1232 Bonon.
805 1201 949 1241 Reliqui

216 1254 376 1288 miseris.
434 1253 580 1286 Misero
616 1255 704 1296 ,mihi
746 1256 946 1297 elegantius

219 1315 383 1354 videtur,
427 1310 509 1351 quia
545 1317 716 1341 numerus
752 1311 946 1352 singularis

219 1369 380 1410 apertius
426 1366 542 1406 ipsum
579 1368 724 1406 poetam
753 1365 943 1408 significat.

218 1423 313 1456 Gall.
336 1419 475 1453 miseri.
521 1421 621 1453 Deos
643 1422 777 1453 dictum
801 1424 856 1454 est
879 1430 948 1463 ge·-

217 1478 394 1519 neratim,
423 1476 513 1508 licet
535 1478 737 1517 Augustum
760 1474 866 1509 'nunc
889 1478 947 1509 in-

217 1533 371 1575 telligat.
416 1532 499 1565 Vid.
528 1533 574 1563 ad
603 1542 639 1564 v.
669 1533 722 1564 69.
770 1533 873 1566 Conf.
897 1534 947 1575 V,

218 1590 254 1632 9,
278 1589 329 1620 12.
371 1588 570 1628 Eleganter
583 1582 702 1619 autem
714 1596 840 1620 sensus
857 1596 947 1620 ver-

216 1653 278 1676 sus
302 1646 356 1676 30.
389 1651 456 1684 per
477 1651 606 1674 versus
630 1642 785 1674 32—34.
808 1642 948 1684 repeti-

217 1702 278 1732 tur
301 1701 408 1740 atque
432 1699 569 1730 diserte
592 1701 754 1740 urgetur.

262 1810 316 1840 33.
339 1807 550 1850 Ablataque
563 1827 606 1832 —
616 1809 680 1841 ira
694 1810 872 1842 iinmerito
889 1810 950 1842 of-

217 1864 332 1896 fendit
354 1864 542 1896 Ciofanum
551 1887 566 1907 ,
600 1867 640 1896 ιιι
670 1873 798 1905 parum
819 1865 950 1898 Latine

219 1919 367 1960 dictum,
391 1919 449 1960 qui
472 1927 518 1951 ex
540 1928 627 1951 uno.
642 1920 728 1951 vat.
758 1920 951 1961 legendum

219 1975 392 2006 censebat
412 1975 658 2016 placataque..
696 1976 767 2007 Sed
792 1973 951 2015 auferre

217 2028 319 2061 iram
339 2030 489 2071 elegans
512 2039 584 2062 non
608 2030 722 2061 minus
746 2032 818 2071 est,
846 2037 951 2070 quam

218 2084 378 2126 auferre
406 2084 571 2126 iuryium
603 2085 699 2126 apud
728 2085 868 2127 Plaut.,
914 2087 951 2117 et

219 2140 377 2182 auferre
398 2140 537 2172 metum
552 2141 650 2180 apud
673 2140 777 2181 Virg.
802 2139 949 2171 Hfflzvs.

218 2195 371 2227 Phaedr.
395 2195 431 2237 3,
455 2195 485 2227 6.
511 2194 627 2236 aufer
646 2194 833 2237 frivolam
845 2193 951 2226 inso-

220 2249 386 2291 lentiam,
420 2249 479 2281 ubi
513 2249 585 2281 vid.
628 2249 760 2282 scheff.
812 2243 951 2280 Dum.

219 2305 457 2345 Placataque
469 2304 713 2337 etiamDresd.
723 2321 767 2326 —
775 2305 837 2337 Fr.
860 2305 951 2336 Rev.

218 2359 366 2392 iudicis.
379 2376 424 2383 —-
437 2358 641 2401 Principis,
661 2360 867 2402 octaviani,
891 2360 952 2401 qui

219 2417 370 2448 sublatis
402 2415 550 2447 aemulis
581 2415 759 2456 bellisque
783 2416 950 2448 civilibus

219 2471 343 2513 finitis,
374 2477 443 2511 quo
475 2470 591 2503 minus
622 2470 740 2502 invisa
762 2473 860 2503 esset
883 2472 951 2504 do-

219 2527 385 2568 mInatio,
411 2527 567 2568 cuncta,
598 2527 638 2558 ut
672 2525 760 2568 <licit
788 2525 950 2567 Tacitus,

217 2581 464 2623 principis
499 2581 647 2614 nomine
684 2582 798 2623 (quod
834 2587 950 2621 neque

219 2638 380 2670 insolens
422 2646 539 2679 neque
578 2637 743 2669 odiosum
779 2636 950 2667 Romanis

220 2696 319 2732 erat)
341 2693 408 2726 sub
438 2691 639 2734 imperinm
669 2690 829 2732 accepit.
875 2692 951 2724 De-

219 2750 334 2782 latum
365 2750 398 2782 ei
433 2749 503 2780 hoc
533 2755 662 2780 nomen
690 2749 747 2780 est
776 2755 808 2779 a.
842 2748 885 2780 U.
911 2746 950 2780 C.

221 2805 297 2837 726.
342 2805 424 2837 Vid.
448 2804 518 2837 Dio
538 2805 614 2836 LII.
647 2811 678 2835 c.
703 2803 758 2835 38.
802 2803 896 2835 11111.
920 2809 950 2843 e.

224 2861 253 2893 1.
300 2862 458 2902 interpp.
482 2860 528 2892 ad
549 2860 635 2892 Tac.
660 2859 791 2891 Annal.
814 2859 841 2891 1.
857 2866 887 2891 c.
905 2857 950 2900 1.,

1673 881 1739 929 40

1012 1037 1057 1068 ad
1088 1037 1175 1068 Hor.
1208 1035 1272 1068 Od.
1295 1037 1334 1077 1,
1361 1035 1406 1077 2,
1437 1037 1493 1068 50.
1526 1037 1565 1068 et
1593 1037 1640 1067 ad
1674 1035 1740 1068 ov.

1011 1093 1109 1124 Fast.
1134 1093 1183 1133 Π,
1208 1091 1283 1124 142.

1051 1159 1109 1195 34.
1134 1156 1299 1198 Patr-iis,
1335 1156 1489 1197 patriae.
1540 1153 1618 1187 Det
1650 1152 1740 1185 mihi

1010 1221 1120 1254 posse
1141 1212 1252 1245 mori.
1294 1213 1382 1244 Hor.
1405 1212 1518 1253 Epist.
1541 1212 1573 1254 1,
1605 1210 1662 1252 16,
1685 1210 1739 1242 61.

1077 1276 1122 1304 Da
1145 1275 1217 1303 mihi
1241 1274 1368 1309 fallere,
1399 1275 1437 1302 da
1465 1274 1545 1303 iusto
1575 1277 1741 1309 sanctoque

1409 1318 1509 1346 videri
1525 1335 1558 1340 --

1012 1367 1072 1398 ubi
1101 1367 1173 1399 vid.
1204 1367 1358 1407 interpp.
1410 1368 1516 1399 Bern.
1555 1366 1741 1408 propriis.

1011 1422 1092 1454 Rel.
1117 1420 1396 1475 iaqnque'mori.

1058 1501 1112 1532 35.
1142 1499 1192 1532 Ut
1213 1499 1401 1542 concedit,
1432 1501 1470 1531 ut
1492 1507 1528 1530 v.
1553 1497 1623 1540 61.,
1646 1499 1679 1540 Ι,
1702 1498 1740 1540 2,

1013 1554 1083 1596 ⁵74„
1106 1556 1156 1597 V,
1179 1556 1215 1597 2,
1239 1555 1293 1587 21.
1337 1553 1481 1586 Plrckh.
1513 1560 1597 1584 cum
1618 1560 1742 1592 pera-

1012 1618 1094 1651 ρας.

1058 1677 1111 1708 36.
1134 1675 1290 1718 Ferere,
1313 1663 1458 1708 diceris.
1502 1674 1585 1707 Vid.
1608 1674 1659 1716 V,
1683 1672 1741 1715 14,

1015 1732 1045 1764 4.
1078 1732 1195 1773 Leid.‚
1219 1731 1314 1763 Gall.
1335 1733 1373 1762 et
1388 1727 1744 1763 Giitlwmei-minor.

1013 1789 1059 1820 V.
1079 1788 1133 1820 37.
1156 1786 1252 1820 Busl.
1277 1786 1313 1818 et
1337 1786 1520 1826 tempora.

1059 1866 1113 1897 39.
1137 1863 1323 1896 Deducta.
1356 1863 1418 1894 Fr.
1441 1862 1548 1906 Rev„
1571 1864 1656 1904 seg.
1681 1860 1743 1894 di-

1015 1920 1142 1952 ducta.
1189 1914 1265 1951 P'al.
1289 1919 1337 1960 2.,
1360 1918 1481 1950 Guelf.
1505 1925 1538 1949 a.
1561 1917 1590 1949 1.
1614 1926 1659 1949 m.
1682 1915 1744 1949 di-

1016 1975 1132 2008 ctata.
1173 1975 1307 2006 Glossa
1318 1974 1437 2006 Leia:
1461 1972 1627 2004 tractum
1641 1971 1698 2004 est
1720 1979 1746 2003 a

1012 2029 1093 2072 filo,
1124 2028 1224 2070 quod
1253 2027 1444 2060 subtiliter
1473 2027 1685 2067 deducatur
1718 2035 1745 2058 a

1016 2085 1115 2126 colo,
1140 2084 1179 2115 et
1197 2082 1255 2114 ita
1276 2090 1429 2114 carmen
1452 2090 1478 2113 a
1495 2081 1616 2113 mente
1638 2089 1743 2113 com-

1014 2137 1220 2180 positoris,·
1244 2138 1288 2169 ut
1307 2137 1347 2168 in
1361 2136 1525 2169 Horatio
1548 2137 1679 2177 (Epist.
1694 2139 1744 2180 11,

1018 2194 1053 2236 1,
1087 2194 1182 2230 225.)
1218 2182 1348 2224 subtili
1376 2192 1539 2224 deducta
1566 2193 1745 2232 poemata

1013 2248 1093 2291 filo.
1139 2249 1195 2282 Ab
1228 2250 1354 2280 eadem
1378 2256 1421 2280 re
1443 2248 1549 2280 etiam
1571 2248 1667 2279 aliae
1688 2249 1744 2280 di-

1018 2306 1180 2347 ctioneS,
1211 2312 1303 2344 quae
1332 2305 1379 2335 ad
1405 2303 1607 2335 orationem
1628 2302 1745 2344 perti-

1017 2361 1373 2403 nent,··repetuntur,
1404 2362 1445 2391 ut
1463 2356 1571 2400 filum
1594 2358 1745 2390 oratio-

1017 2415 1075 2447 nis
1099 2416 1173 2449 Cic.
1197 2416 1242 2446 de
1265 2414 1365 2447 orat.
1382 2415 1461 2456 111„
1481 2415 1745 2447 munusculum

1018 2471 1184 2508 (librum)
1215 2477 1347 2500 crasso
1373 2467 1440 2510 filo
1467 2470 1563 2502 idem
1584 2459 1675 2510 izpp.
1698 2470 1744 2500 ad

1016 2526 1112 2558 Fam.
1135 2527 1208 2561 IX.¹
1223 2524 1273 2556 12.
1318 2525 1456 2556 Ausou.
1486 2526 1579 2558 Mos.
1603 2534 1637 2564 v,
1662 2525 1740 2557 396.

1081 2589 1188 2618 Mollia
1205 2588 1308 2616 subtili
1326 2588 1440 2615 nebunt
1453 2586 1524 2614 mihi
1544 2585 1676 2615 carmina
1693 2586 1744 2615 filo

1083 2634 1219 2662 Pierides
1237 2649 1271 2653 -

1018 2692 1077 2724 ubi
1098 2692 1169 2724 vid.
1184 2691 1363 2732 Mariang.
1375 2692 1527 2723 Accurs.
1539 2688 1622 2721 Vid.
1636 2687 1745 2719 etiam
1784 2724 1789 2729 ,

1018 2746 1161 2778 Schmid
1183 2747 1229 2777 ad
1253 2747 1339 2778 Hor.
1363 2745 1572 2787 1.1.,neyn.
1588 2746 1625 2775 et
1635 2744 1743 2776 Voss.
1762 2731 1775 2742 ’

1017 2803 1063 2834 ad
1085 2802 1189 2842 Vir-g.
1212 2801 1291 2834 Ecl.
1314 2801 1382 2842 VI,
1410 2801 1443 2832 5.
1487 2801 1648 2842 Simplex
1671 2799 1744 2831 du-

1018 2865 1104 2890 cere
1126 2858 1183 2888 est
1204 2856 1313 2889 Trist.
1336 2857 1408 2898 111,
1432 2855 1474 2888 14
1489 2875 1503 2897 ,
1520 2854 1599 2896 32.,.
1613 2855 1663 2896 V,
1687 2853 1745 2895 12,
