1846 3146
179 173 280 224 268

441 174 498 224 P.
534 173 758 225 ovmn
791 172 1109 227 NAsole
1142 157 1486 229 'rnls'rmM

268 304 342 340 per
363 304 498 331 versus
519 296 619 331 LVI
638 306 724 331 cum
752 307 828 332 uno
856 299 1007 334 locutus
1028 297 1098 341 sit,
1138 299 1190 332 ad
1219 300 1359 333 multos
1381 301 1443 334 vel
1465 308 1592 336 omnes
1614 301 1714 336 ami-

270 361 336 386 cos
357 361 568 385 sermonem
581 353 815 386 convertere.
850 353 1018 397 Denique
1039 353 1078 386 in
1100 363 1175 386 uno
1198 355 1394 397 eleganter
1414 354 1454 388 lu·
1465 365 1599 392 versus
1619 358 1718 392 LVI

268 408 479 441 versantur
502 409 751 450 arqumento:
773 409 1100 450 periculosum
1133 418 1230 442 esse
1251 418 1446 452 maynas
1467 412 1715 456 affectare

269 461 533 504 amicitias,
556 462 667 505 idque
687 464 805 505 poe'ta
825 464 883 498 ita
905 466 946 498 in
967 464 1022 506 iis,
1036 464 1280 507 persequitur
1309 467 1423 509 atque
1453 467 1637 511 absolvit,
1671 471 1716 503 ut

272 518 373 552 artis
395 518 538 561 leqibus
560 520 674 562 atque
695 519 819 552 sensui
841 528 948 562 quem
971 519 1215 552 aestheticum
1238 510 1490 564 appellamus,
1509 523 1626 565 plane
1645 532 1714 556 sa-

270 572 454 617 tisfaciat.
511 573 610 606 Pari
640 576 751 607 modo
773 574 838 618 qui
858 577 1069 618 sequuntur
1091 584 1223 608 versus
1246 575 1409 618 triyinta
1431 576 1489 619 (v.
1511 577 1715 621 47-77‘.)

268 631 307 663 et
336 628 412 670 ipsi
443 630 563 662 totum
590 638 639 662 ac
665 631 818 671 plenum
852 639 1008 664 carmen
1041 630 1265 673 conficiunt;
1295 631 1335 663 in
1357 639 1430 674 quo
1451 632 1568 677 poeta
1589 633 1717 668 exsilii

269 684 586 727 lonqinquitatem
609 684 909 728 desideriumque
942 695 1051 719 suum
1078 685 1236 727 patriae
1259 688 1362 729 apud
1384 687 1527 720 amicos
1549 696 1714 731 conque-

266 738 375 772 ritur
403 741 607 783 rogatque,
636 741 680 773 ut
708 748 789 773 sese
816 749 950 774 amare
976 742 1143 784 peryant
1169 742 1210 774 et
1239 743 1346 775 mala
1374 751 1448 775 sua
1469 751 1543 785 quo
1563 742 1715 784 possint

267 796 379 828 modo
402 797 532 829 levare
554 797 741 830 studeant.
793 795 914 838 Atque
943 797 1014 830 hoc
1046 804 1192 839 quoque
1214 805 1366 830 carmen
1386 797 1567 840 propria,
1591 806 1712 840 arqu-

267 851 464 893 mentoque
505 850 568 884 illi
612 851 812 893 aptissima
857 861 904 884 ac
947 860 1038 885 vere
1074 851 1262 885 ovidiana
1296 853 1532 886 conclusione
1561 852 1710 896 finitur.

270 905 378 946 Quod
399 907 526 939 autem
549 908 602 939 ad
624 909 682 940 tot
702 909 874 940 veterum
902 906 1089 940 librorum
1122 915 1340 940 consensum
1368 908 1517 952 attinet,
1550 909 1711 942 similem

265 960 518 994 inventionem
550 961 803 998 librariorum
834 962 1003 998 videmus
1022 961 1152 999 *etiam
1188 963 1224 1010 I,
1258 962 1296 997 4.
1355 964 1441 1007 III,
1474 965 1514 999 2.
1566 965 1644 1008 IV,
1673 965 1710 998 5.

268 1018 355 1061 III,
377 1020 413 1052 8.
460 1017 547 1060 ΙΙΙ,
569 1017 607 1051 9.

222 1199 364 1234 Amicis
397 1200 524 1234 exsilii
556 1201 867 1245 lonqinquitatem
904 1202 1202 1245 desideriumque
1237 1209 1344 1235 suum
1380 1202 1492 1236 Urbis
1523 1202 1709 1247 queritur,

263 1257 460 1299 roqatque,
483 1258 527 1290 ut
548 1265 588 1290 se
611 1266 744 1291 aniare
763 1260 942 1301 perqant,
967 1259 1005 1292 et
1023 1260 1129 1291 mala
1156 1267 1228 1292 sua
1251 1266 1324 1300 quo
1344 1259 1496 1300 possint
1517 1259 1628 1293 modo
1651 1259 1708 1292 le-

264 1321 360 1346 vare
382 1314 569 1347 studeant.

176 1432 409 1484 Proxima
441 1435 687 1487 sideribus
721 1437 873 1487 tellus
907 1435 1289 1503 Erymanthidos
1323 1436 1483 1486 Ursae

242 1518 328 1567 Me
362 1524 513 1580 tenet,
549 1519 787 1569 adstricto
821 1525 953 1569 terra
986 1524 1185 1585 perusta
1221 1518 1353 1583 gelu.
1702 1587 1705 1589 -

175 1599 430 1667 Bosporos
464 1608 515 1652 et
549 1603 735 1653 Tanais
769 1606 1001 1670 superant
1036 1599 1373 1667 Scythiaeque
1413 1600 1637 1666 paludeS‚

242 1684 444 1750 Vixque
477 1688 598 1736 satis
632 1688 737 1752 noti
771 1688 966 1736 nomina
998 1699 1154 1751 pauca
1186 1683 1302 1732 loci.

1582 1683 1706 1745 (5⁰)

175 1766 396 1816 Ulterius
431 1769 553 1818 nihil
586 1776 663 1819 est
696 1771 792 1818 nisi
824 1780 935 1818 non*
955 1765 1220 1817 habitabile
1254 1766 1427 1830 frigus
1539 1817 1548 1821 ,
1673 1766 1706 1815 5

240 1850 354 1899 Heu
389 1868 529 1917 quam
563 1855 732 1904 vicina
766 1857 843 1903 est
876 1850 1045 1901 ultima
1076 1854 1209 1898 terra
1240 1848 1380 1898 mihi!

416 2004 597 2037 ELEGIA
619 2005 667 2038 V.

220 2068 251 2102 1.
276 2068 574 2113 Erymanthidos
593 2072 725 2105 Ursae.
761 2073 844 2106 Vid.
860 2075 907 2106 ad

176 2126 245 2167 IV,
263 2127 299 2168 3,
323 2126 368 2169 1.‚
392 2129 443 2169 11,
467 2127 558 2170 190„
581 2129 613 2170 1,
637 2130 673 2171 3,
697 2129 773 2161 103.

219 2193 251 2224 2.
280 2191 490 2226 Adstricto.
534 2193 753 2237 Adstrinyit
775 2196 906 2237 frigus,

177 2248 283 2280 calor
302 2249 416 2282 laxat.
460 2249 601 2292 Frigus
623 2253 758 2293 autem,
773 2259 834 2283 res
846 2252 905 2283 ef-

175 2301 316 2344 ficiens,
339 2307 559 2340 adiectivum
576 2305 784 2338 adstrictus
799 2307 907 2339 sumit

176 2360 221 2390 ab
246 2360 389 2393 effectu.
435 2364 540 2395 Bern.
563 2361 715 2394 attrito.
760 2363 815 2394 De
835 2370 906 2402 pe·-

166 2415 292 2446 ‚rusta
319 2416 392 2450 vid.
415 2420 462 2451 ad
484 2420 561 2461 111,
602 2419 646 2461 2,
675 2415 715 2461 fis.
772 2419 907 2450 Bonon.

152 2507 154 2511 .
173 2472 371 2510 praeusta.

222 2539 253 2570 3.
282 2538 541 2582 Scythiaeque.
559 2541 621 2573 Sic
629 2543 750 2584 Rern„
763 2542 907 2583 Dresd.,

178 2597 270 2636 lun„
293 2595 411 2637 Leid.,
435 2597 511 2628 Pal.
535 2596 583 2639 1.,
606 2597 727 2630 Guelf.
757 2599 796 2628 et
817 2598 907 2628 vett.

177 2650 256 2681 edd.
288 2666 332 2672 —-
362 2652 462 2693 Put.,
495 2653 615 2685 XXIV
646 2652 787 2694 Heius,
814 2652 909 2693 Rel.,

176 2705 297 2737 Berol.
330 2709 367 2738 et
397 2707 505 2740 Crev.
563 2708 782 2750 Scycieque,
817 2717 848 2749 q.
878 2716 908 2739 e.

176 2753 410 2802 Sc·ytiaeque{
455 2763 602 2803 Reliqui
614 2773 684 2796 non
699 2764 801 2796 multi
812 2764 908 2803 Scy-

178 2814 382 2857 thicaeque.
395 2835 438 2840 —-
457 2835 499 2840 —
524 2820 767 2861 Intelligenda
789 2823 908 2851 autem

175 2873 291 2913 palus
306 2872 481 2915 Maeotis,
505 2877 545 2907 ut
566 2878 669 2917 patet
691 2883 737 2907 ex
756 2874 907 2907 coniun-

977 2000 1067 2042 ctis3
1090 2007 1174 2033 nam
1187 2000 1386 2040 Bosporos
1407 2000 1465 2032 est
1476 1996 1709 2032 clmmericus

973 2057 1027 2094 (V
1030 2056 1075 2087 id.
1109 2057 1160 2097 11,
1199 2054 1319 2097 2983,
1357 2062 1428 2095 quo
1467 2055 1567 2086 freto
1602 2053 1709 2094 palus

973 2111 1131 2143 Maeotis
1155 2110 1274 2141 Ponto
1296 2108 1439 2140 Euxino
1462 2108 1644 2150 iungitur,
1672 2110 1710 2140 et

973 2165 1121 2207 Tanais,
1143 2163 1273 2195 fluvius
1304 2164 1501 2206 Scythiae,
1533 2163 1570 2194 in
1601 2162 1708 2203 palu-

974 2221 1053 2252 dem
1062 2218 1281 2252 maeoticam
1290 2227 1372 2251 sese
1380 2219 1569 2251 exonerat.
1586 2217 1708 2250 Sti-ab.

973 2277 1032 2308 XI.
1056 2286 1090 2317 p.
1113 2275 1189 2308 341.
1211 2277 1250 2308 et
1274 2275 1358 2307 VII.
1383 2283 1416 2315 p.
1441 2273 1533 2316 314„
1555 2273 1658 2306 Mela
1680 2274 1710 2306 1.

975 2339 1006 2364 c.
1030 2331 1083 2363 19.
1125 2330 1334 2371 Superant,
1357 2329 1509 2362 ulterIus
1521 2331 1606 2361 sunt
1618 2337 1708 2362 ver-

975 2394 1037 2417 sus
1050 2385 1344 2427 septentrionem.
1389 2386 1519 2418 Dresd.
1533 2384 1708 2426 Bospho-

976 2449 1056 2474 rus.

1019 2540 1051 2573 4.
1084 2540 1203 2572 Pam.
1222 2537 1290 2572 vix·
1305 2538 1401 2571 satis
1413 2537 1551 2572 etnoti.
1596 2537 1708 2579 Busl.‚

974 2595 1140 2638 Pii-clm,
1168 2597 1268 2638 lun„
1297 2596 1429 2638 Bern.‚
1465 2592 1586 2627 Berol.
1608 2589 1707 2625 novi.

974 2653 1080 2684 Serv.
1104 2651 1196 2683 noto
1218 2659 1254 2682 n.
1274 2659 1312 2692 p.
1336 2648 1452 2692 loqui.
1506 2649 1585 2682 Put.
1608 2655 1706 2682 nom.

976 2706 1071 2738 tuta.
1115 2707 1206 2748 Reg.
1217 2715 1286 2747 pro
1309 2716 1345 2738 v.
1368 2714 1440 2738 ser.
1462 2711 1558 2736 nom.
1574 2704 1706 2747 plura.
1777 2709 1806 2729 -'

975 2761 1073 2794 Leid.
1103 2759 1170 2792 via·
1200 2770 1229 2792 s.
1260 2761 1318 2792 est
1353 2760 1446 2792 nato
1484 2768 1520 2792 n.
1549 2767 1587 2800 p.
1620 2759 1706 2801 leui.

975 2817 1051 2848 Pal.
1079 2817 1110 2848 2.
1139 2815 1207 2848 viae
1229 2825 1258 2848 s.
1289 2817 1344 2848 est
1375 2815 1463 2848 noto
1493 2823 1530 2847 n.
1556 2823 1596 2858 p.
1620 2814 1706 2850 loci.

976 2871 1019 2904 V.
1045 2874 1076 2904 5.
1101 2871 1196 2904 Busl.
1219 2870 1285 2904 nil.
