1846 3146
213 184 313 236 510

464 186 521 235 Ρ.
558 184 777 236 OVIDII
799 182 1134 268 NASONIS
1156 175 1497 235 TRISTIUM
1531 182 1533 185 ’
1561 235 1564 236 ⁷

700 434 1042 484 ELEGIA
1088 434 1243 482 m.

259 549 399 591 Amico,
422 548 486 591 qui
509 548 542 581 ei
563 547 796 592 scripserat,
825 551 869 582 ut
897 548 1123 592 conficiendo
1154 547 1323 581 carmine
1345 547 1470 582 exsilii
1491 556 1607 581 curas
1628 549 1733 581 sola-

302 605 424 647 retur,
446 605 656 646 respondet,
681 603 843 636 animum
865 604 1011 637 minime
1034 604 1085 636 ad
1107 604 1397 644 componendum
1422 612 1499 636 esse
1523 611 1731 643 compara-

302 661 381 693 tum
416 662 450 693 et
482 661 606 692 tamen
639 668 679 692 se
712 668 976 702 nonnunquam
1006 659 1183 702 scribere,
1217 659 1284 690 sed
1313 659 1500 700 pleraque
1531 657 1662 690 statim
1693 657 1733 689 in

300 715 422 757 ignem
445 714 641 748 condicere.

687 714 792 758 Conf.
815 716 900 758 ΙΙΙ,
923 714 981 748 15.
1003 717 1041 748 et
1063 715 1174 748 Pont.
1202 715 1244 757 V,
1266 714 1304 747 7.
1327 715 1365 746 et
1387 712 1422 754 Ι,
1445 713 1482 746 5.

214 840 420 902 Scribis,
453 845 507 889 ut
539 840 781 891 oblectem
814 840 977 890 studio
1010 834 1310 889 lacrimabile
1344 844 1546 906 tempus,

279 925 361 974 Ne
394 929 597 991 pereant
629 926 758 990 turpi
789 929 992 990 pectora
1025 927 1191 971 nostra
1233 924 1341 970 situ.

213 1004 434 1057 Difficile
468 1012 544 1056 est
578 1006 722 1072 quod,
760 1009 927 1066 amice,
963 1021 1156 1066 mones3
1194 1006 1305 1070 quia
1330 988 1540 1053 carmina
1556 1002 1736 1052 laetum

280 1089 408 1140 Sunt
441 1106 563 1156 opus
597 1095 646 1138 et
677 1104 858 1156 pacem
880 1089 1051 1137 ment-is
1084 1087 1266 1136 habere
1300 1086 1487 1136 volunt.

212 1174 401 1223 Nostra
431 1188 521 1239 per
552 1171 790 1240 adversas
826 1173 985 1236 agitur
1017 1171 1213 1219 fortuna
1244 1158 1509 1236 ῥποοθΠειε,
1671 1180 1674 1182 ’
1701 1167 1734 1216 5

281 1255 431 1306 Sorte
464 1271 557 1304 neo
590 1255 694 1304 ulla
728 1270 835 1315 mea
866 1255 1054 1302 tristior
1088 1267 1199 1301 esse
1232 1238 1409 1318 Potest.

211 1340 407 1404 Exigis,
442 1343 496 1387 ut
527 1339 747 1387 Priamus
781 1341 998 1386 natorum
1032 1335 1205 1384 funere
1238 1334 1477 1400 plaudass.

276 1422 345 1471 Et
377 1421 543 1471 Niobe
577 1421 733 1470 festos
769 1419 916 1468 ducat
948 1424 1001 1467 ut
1035 1419 1155 1469 orba
1190 1418 1380 1467 choros.
1425 1416 1434 1417 ’

410 1544 414 1551 ²
431 1571 612 1605 ELEGIA
641 1572 719 1604 ΧΠ.

257 1638 288 1672 1.
321 1637 470 1679 Studio,
493 1647 545 1671 sc.
569 1638 780 1679 carminum,
809 1638 850 1668 ut
873 1643 939 1676 ap-

211 1697 317 1737 paret
340 1703 360 1728 e
382 1704 418 1726 v.
442 1695 472 1726 3.
491 1728 499 1732 ,
519 1693 623 1727 Conf.
646 1693 697 1735 V,
715 1692 750 1734 1,
767 1692 820 1724 34.
840 1693 876 1722 et
890 1691 940 1732 V,

211 1752 247 1793 7,
272 1749 346 1783 68.’
369 1751 462 1791 Iun,
486 1750 620 1781 Bersm.
651 1750 688 1780 et
711 1748 803 1779 alius
827 1745 940 1778 Hein-

211 1806 255 1838 sii
276 1803 500 1838 miserabile.

254 1894 286 1926 2.
321 1893 497 1932 Pectora,
520 1891 666 1933 postiae
689 1899 758 1931 pro
779 1890 938 1933 inqenio.

210 1948 294 1982 vid.
317 1947 421 1988 infra-
436 1957 472 1980 v.
496 1948 548 1979 38.
573 1949 609 1979 et
634 1948 702 1987 111,
725 1947 761 1989 8,
786 1947 838 1980 19.
875 1947 940 1979 Si·-

210 2004 264 2045 tu,
288 2003 492 2036 cessatione
524 2009 547 2032 a
569 2001 736 2042 poemate
759 2003 938 2035 faciendo.

182 2094 186 2107 ,
209 2059 474 2100 Metonymice:
509 2065 590 2088 nam
612 2054 708 2086 sitas
730 2057 879 2096 squalor
903 2059 939 2089 et

209 2116 357 2147 sordida
379 2115 514 2154 lanugo
538 2113 616 2154 est,
639 2119 708 2151 qua
728 2118 788 2142 res
811 2112 939 2150 putre-

209 2172 353 2203 scentes
390 2168 627 2201 obduountur.
703 2165 795 2197 Hinc
831 2166 939 2196 etiam

209 2223 327 2266 turpi.
377 2225 481 2258 Conf.
510 2223 608 2254 infra
638 2232 673 2254 v.
696 2221 766 2262 21„
789 2221 857 2260 ΙΙΙ,
881 2220 941 2262 11,

210 2283 264 2314 70.
288 2283 326 2314 et
349 2282 415 2322 111,
441 2279 497 2321 15,
522 2278 575 2310 15.
625 2275 743 2319 Quint.
767 2278 854 2308 lust.
878 2275 940 2308 Or.

209 2339 237 2370 1.
263 2346 293 2369 c.
317 2337 348 2369 2.
394 2334 615 2368 Eoecitanda
636 2342 738 2365 mens
762 2332 799 2364 et
818 2331 937 2363 attol-

210 2392 324 2424 lenda
353 2398 499 2431 semper
530 2390 596 2430 est,
627 2388 783 2430 quaein
809 2387 938 2419 huius-

209 2445 310 2479 modi
334 2444 491 2476 secretis
521 2443 740 2485 lanquescit,
764 2444 802 2475 et
823 2450 939 2484 quen-

210 2502 298 2533 dam
327 2500 434 2532 velut
460 2499 499 2531 in
530 2507 647 2540 opaco
682 2498 806 2539 sitnm·
825 2497 940 2530 ducit.

210 2558 342 2599 Crev.,
375 2556 471 2588 Gall.
502 2559 538 2587 et
567 2555 686 2589 Guelf.
717 2562 794 2585 nec.
845 2554 940 2595 Put„

209 2612 377 2654 Pirckh.‚
411 2612 502 2643 VIII
543 2610 606 2642 alii
638 2609 781 2651 Heius„
815 2607 939 2651 Crev.,

146 2677 151 2688 ¹
212 2669 318 2702 Goth.
342 2677 408 2709 pro
437 2676 509 2700 scr.
532 2668 570 2699 et
601 2659 656 2698 ed'.
684 2666 819 2697 Bonon.
845 2664 939 2696 tem-

208 2731 320 2764 pora.

257 2812 289 2844 4.
324 2811 426 2845 conf.
440 2812 471 2852 1,
485 2809 519 2850 1,
538 2809 590 2840 39.
608 2815 705 2848 seqq.
720 2806 840 2847 ibique
863 2807 936 2838 not.

213 2871 250 2899 et
271 2869 393 2899 Iuven.
417 2867 493 2898 Sat.
516 2865 604 2905 VII,
626 2864 679 2895 57.
702 2870 801 2903 seqq.

1048 1572 1080 1602 5.
1102 1567 1250 1610 Agitur,
1262 1567 1438 1608 agitatur,
1447 1566 1616 1599 iactatur.
1633 1566 1738 1599 Leid.
1783 1606 1788 1615 .

1001 1624 1140 1667 fertur.
1186 1624 1230 1656 V.
1254 1624 1286 1656 6.
1316 1622 1412 1654 Busl.
1432 1622 1706 1663 potest—mea.

1050 1703 1085 1734 7.
1122 1699 1293 1734 plaudat
1313 1701 1415 1732 recte
1437 1700 1527 1731 vett.
1551 1699 1630 1731 edd.
1655 1706 1736 1733 cum

1005 1758 1081 1790 Pal.
1105 1758 1153 1800 2.,
1174 1758 1261 1788 vat.
1285 1755 1316 1787 1.
1339 1757 1376 1786 et
1386 1755 1451 1790 ,IV
1475 1754 1556 1786 aliis
1575 1753 1735 1786 melioris

1005 1802 1114 1845 notae
1146 1812 1271 1849 (etiam
1302 1801 1393 1842 unus
1417 1809 1572 1849 Ciot'ani.
1614 1810 1735 1841 Acce-

1006 1857 1094 1900 dunt
1117 1866 1253 1908 Guelf„
1276 1865 1356 1897 Rel.
1371 1866 1407 1896 et
1422 1867 1511 1897 vett.
1526 1866 1605 1896 edd.
1622 1854 1735 1905 prae-

1005 1925 1063 1956 ter
1084 1925 1222 1955 Bonon.
1244 1923 1282 1952 et
1304 1921 1461 1956 Dresd.).
1496 1919 1642 1951 Hmzvs.
1683 1920 1736 1952 E-

1004 1987 1052 2020 go
1076 1977 1202 2010 reduxi
1231 1975 1357 2014 ludat,
1392 1974 1485 2015 quod
1508 1975 1615 2006 etiam
1638 1974 1736 2006 Busl.

1006 2035 1042 2064 et
1070 2033 1201 2064 Franc.
1233 2029 1410 2070 habebat,
1442 2029 1480 2059 et
1507 2029 1635 2060 melius
1670 2036 1735 2060 re-

1004 2088 1157 2127 spondet
1171 2084 1335 2125 sequenti
1351 2082 1468 2114 ducat
1484 2082 1630 2114 choras.
1652 2081 1734 2114 Lu-

1005 2141 1094 2172 dere
1118 2140 1208 2171 enim
1233 2148 1301 2180 pro
1324 2137 1483 2177 saltare,
1507 2138 1547 2168 ut
1561 2138 1648 2169 Met.
1663 2137 1736 2178 ΠΙ,
1791 2132 1797 2140 ”

1006 2198 1078 2229 685.
1132 2198 1229 2228 Unus
1259 2194 1366 2226 etiam
1399 2192 1536 2224 cantet.
1575 2191 1736 2224 -Btmnn

1003 2252 1091 2285 Mihi
1114 2259 1239 2282 verum
1254 2249 1398 2281 videtur
1410 2247 1584 2287 plaudat.
1629 2245 1735 2288 Quod

1005 2310 1123 2340 autem
1156 2305 1287 2337 ludere
1326 2305 1549 2335 Burmannus
1579 2301 1634 2332 illi
1663 2301 1736 2332 da-

1005 2371 1090 2395 cere
1119 2361 1254 2393 choros
1282 2367 1413 2391 versus
1445 2355 1628 2397 sequentis
1657 2363 1736 2387 me-

1003 2420 1073 2450 lius
1098 2416 1320 2456 respondere
1351 2414 1452 2455 dicit,
1482 2412 1570 2444 nihil
1600 2411 1736 2453 obstat,

1006 2474 1192 2515 quominus
1226 2469 1337 2510 poeta
1371 2470 1536 2501 diversas
1570 2466 1735 2499 laetitiae

1004 2526 1284 2569 significationes
1314 2524 1390 2564 ipse
1421 2522 1589 2561 consulto
1622 2527 1735 2562 prae-

1006 2585 1142 2616 tulerit
1187 2582 1252 2614 Ed.
1276 2581 1412 2627 B9n0n.
1423 2578 1582 2620 funera.
1637 2575 1734 2608 Busl.

1004 2638 1043 2670 in
1071 2638 1223 2680 funere,
1263 2636 1303 2666 ut
1340 2635 1487 2666 Remed.
1520 2635 1563 2666 A.
1594 2642 1628 2664 v.
1660 2631 1733 2663 127.

1003 2694 1092 2739 Iahn
1115 2693 1198 2733 post
1219 2699 1255 2722 v.
1278 2690 1308 2721 8.
1326 2689 1466 2730 signum
1487 2685 1737 2728 interrogandi

1005 2747 1139 2789 posuit,
1161 2746 1226 2777 sed
1248 2745 1331 2776 mihi
1353 2741 1493 2776 rectior
1523 2744 1561 2775 et
1582 2742 1735 2782 elegan-

1006 2803 1078 2834 tior
1100 2801 1244 2833 videtur
1271 2800 1466 2840 sententia,
1495 2798 1527 2831 si
1557 2797 1735 2829 affirmat:

952 2859 956 2864 ’
1005 2857 1039 2890 si
1059 2864 1196 2897 mones,
1219 2856 1262 2888 ut
1283 2855 1322 2887 in
1345 2852 1499 2887 miseria
1517 2860 1650 2885 versus
1668 2851 1735 2894 fa-
