1846 3146
577 115 1124 174 PROLEGOMENA.
1542 110 1606 160 11

251 215 399 282 *nareis
420 247 503 279 erat
524 244 660 286 prinus
680 234 828 284 mensis,
849 239 1079 281 venerisque
1098 236 1333 277 secundun),

91 335 272 378 cumque
298 327 428 378 poeta
454 323 549 372 sine
576 320 701 361 dubio
728 317 872 359 adulto
898 317 983 356 iam
1020 327 1125 355 vere
1154 326 1193 353 a.
1220 295 1497 352 Dccnxnl.
1526 307 1608 348 de-

7 422 14 427 *
90 408 204 438 mum
239 396 283 437 in
319 394 542 449 Scythiam
583 390 805 433 advenerit
811 412 833 442 ,ν
865 400 1037 428 carmen
1078 386 1162 426 hoc
1196 396 1279 425 non
1316 388 1417 424 ante
1452 393 1531 420 ver
1564 392 1606 421 a.

20 464 24 469 ’
89 465 347 509 ncchxv.
375 466 631 508 tricesimum
660 461 827 503 circiter
864 461 1002 502 exsilii
1035 466 1229 499 mensem
1265 455 1319 496 ab
1350 467 1401 494 eo
1431 464 1608 506 compo-

90 539 220 581 situm
247 543 328 580 est.
382 537 462 590 ιν,
490 533 634 590 6219,
663 532 731 574 20.

223 675 226 678 ,
265 637 315 670 ut
335 634 455 676 patria
477 641 604 676 careo,
626 633 680 665 bis
701 632 868 674 frugibus
889 639 979 664 area
1001 629 1089 663 trita
1111 631 1183 671 est,

329 688 494 723 Dissiluit
515 689 612 721 nudo
634 695 764 730 pressa
786 687 841 720 bis
863 696 936 720 uva
957 688 1060 729 pede.

61 757 66 761 ⁵
93 775 218 831 Quod
245 788 417 818 carmen
441 781 542 830 post
563 780 831 816 auctumnum
854 774 952 814 anni
977 772 1252 815 DCCLXIV.
1277 772 1482 826 scriptum
1505 783 1607 812 esse

92 854 292 903 apparet3
326 861 425 889 nam
458 848 593 901 prima
628 848 802 902 messis,
840 845 894 887 ab
931 859 983 886 eo
1020 846 1166 886 Tomis
1194 851 1310 898 acta,
1341 844 1480 885 fuerat
1508 842 1607 883 anni

90 919 366 970 Dcchxm.
745 978 749 980 ξ

197 991 327 1032 Liber
353 989 523 1045 quintus
551 995 597 1031 et
621 989 791 1030 ultimus
819 989 861 1029 in
888 986 974 1028 fine
1002 988 1100 1028 anni
1128 987 1240 1028 tertii
1270 992 1314 1027 et
1337 988 1452 1027 initio
1471 988 1608 1042 quarti

89 1062 274 1117 scriptus
302 1066 384 1103 est.
437 1061 497 1116 V,
529 1060 597 1121 ¹7⁰>
627 1061 667 1116 Ἀ.
693 1060 735 1102 2.

262 1164 310 1197 Ut
330 1170 452 1195 sumus
472 1162 510 1194 in
530 1161 662 1202 Ponto,
683 1162 743 1193 ter
763 1135 905 1202 frigore
928 1159 1224 1207 constititllster,

328 1217 445 1250 Facta
467 1219 524 1249 est
545 1215 676 1250 Euxini
697 1217 788 1250 dura
809 1219 868 1249 ter
889 1218 986 1249 unda
1006 1215 1127 1248 maris.

86 1305 215 1359 Quod
242 1317 415 1347 carmen
442 1305 688 1346 confectum
709 1310 779 1345 est
805 1305 900 1358 ipsa
926 1305 1067 1344 hieme
1095 1309 1169 1344 aut
1190 1309 1290 1357 post
1309 1304 1491 1344 hiemem
1506 1303 1607 1343 anni
1661 1294 1665 1298 ’

87 1372 348 1418 ncchxv.
398 1376 564 1430 ‘Atque
605 1375 786 1416 eundem
821 1381 921 1428 post
956 1387 1111 1415 annum
1148 1376 1331 1430 tertium,
1364 1381 1409 1414 et
1437 1374 1606 1429 quidem

87 1454 190 1502 post
206 1448 341 1490 XVI.
383 1445 477 1488 Cal.
511 1447 670 1501 April„
709 1446 946 1499 composita
979 1445 1150 1485 videtur
1184 1446 1277 1485 libri
1306 1446 1438 1498 quinti
1467 1445 1608 1498 elegia

0 1528 8 1536 ’
87 1524 238 1574 quarta
265 1517 322 1559 ad
347 1518 583 1571 Bacchum3
609 1531 708 1559 nam
735 1517 947 1558 Liberalia
981 1515 1149 1556 Romae
1186 1516 1508 1580 celebrabantur
1535 1515 1607 1555 111.

86 1595 187 1645 post
212 1589 274 1631 Id.
301 1590 445 1644 Mart„
474 1595 522 1630 ut
550 1590 643 1643 ipse
669 1589 792 1629 Naso
822 1589 949 1629 docet
975 1587 1094 1627 Fast.
1122 1588 1197 1641 111,
1226 1585 1321 1628 713.

260 1688 386 1723 'tertia
407 1692 491 1729 post
513 1689 598 1720 Idus
618 1688 684 1720 lux
705 1687 762 1719 est
783 1687 1023 1719 celeberrima
1045 1687 1198 1719 Baccho.

327 1744 484 1785 Bacche,
506 1744 593 1775 fave
614 1742 707 1785 vati,
730 1743 811 1774 dum
833 1744 897 1774 tua
917 1743 1014 1774 festa
1035 1749 1140 1773 cano.

88 1830 188 1871 Nisi
216 1829 351 1884 forte,
391 1829 502 1883 quod
537 1842 684 1882 pamm
717 1829 933 1882 probabile
960 1836 1052 1884 est,
1081 1829 1165 1870 hoc
1193 1841 1365 1871 carmen
1393 1831 1477 1870 iam
1505 1836 1606 1871 ante

8 1920 12 1928 ¹
90 1900 334 1943 confectum
361 1907 407 1942 et
433 1902 577 1955 quinto
605 1900 773 1941 demum
799 1901 903 1941 libro
932 1901 1136 1941 insertum
1174 1913 1276 1941 esse
1307 1902 1606 1956 intelligamus.

0 1963 18 2010 ἶ
90 1971 200 2014 cam
226 1984 349 2026 porro
377 1973 514 2013 nullus
541 1973 598 2012 sit
622 1972 758 2023 locus,
789 1973 860 2026 qui
886 1972 985 2013 illud
1013 1978 1182 2025 tempus
1215 1985 1466 2026 promovere
1494 1974 1607 2013 ulte-

2 2033 8 2079 ’ἷ
86 2044 176 2085 rius
212 2057 292 2085 nos
329 2049 481 2098 cogat,
526 2039 705 2098 cumque
743 2046 884 2098 quinto
921 2046 1005 2084 iam
1041 2044 1179 2084 exsilii
1207 2057 1318 2084 anno
1346 2045 1528 2086 Pontica
1555 2057 1606 2085 se

4 2134 10 2166 ι.
87 2115 304 2168 incepisse
331 2116 426 2168 ipse
453 2120 633 2156 testetur
662 2116 808 2168 (Pont.
837 2117 873 2172 Ι,
903 2115 947 2171 2,
976 2115 1044 2156 27.
1071 2115 1140 2156 28.

262 2215 332 2248 llic
352 2222 410 2248 me
431 2218 650 2258 pugnantem
674 2225 754 2249 cum
776 2217 933 2259 frigore,
958 2224 1108 2257 cumque
1128 2215 1289 2258 sagittis,

329 2271 489 2314 Cumque
510 2280 591 2304 meo
613 2272 708 2314 fato,
732 2275 864 2313 quarta
883 2271 1016 2312 fatigat
1036 2271 1147 2304 biems
1169 2273 1259 2312 —);

6 2342 15 2390 Ϊ
88 2358 268 2402 Pontica
295 2350 437 2400 autem
474 2356 683 2401 confectis
721 2359 889 2400 demum
925 2359 1134 2400 Tristibus
1171 2359 1300 2400 scribi
1337 2365 1492 2412 coepta
1520 2361 1607 2401 sint

91 2430 213 2484 (viu.
240 2431 362 2471 Pont.
389 2431 426 2485 1,
458 2431 499 2486 1,
530 2431 594 2471 16.
624 2438 676 2496 et·
695 2431 805 2473 conf.
833 2431 869 2485 Ι,
899 2431 942 2484 e,
971 2430 1038 2470 27.
1066 2430 1180 2483 283:
1223 2436 1344 2471 recte
1386 2431 1607 2473 concludi-

19 2523 31 2554 3
89 2508 172 2557 tur,
201 2508 348 2556 quarto
374 2505 530 2555 poetae
559 2504 695 2543 exsilii
724 2515 833 2543 anno
864 2501 1209 2554 (Decimi-⁷1),
1241 2503 1396 2562 aetatis
1425 2515 1466 2546 a.
1494 2503 1605 2558 LV„
1667 2503 1674 2515 '

90 2573 239 2614 librum
274 2574 461 2628 quintum
504 2574 702 2614 'rristium
743 2574 868 2627 plane
912 2574 1147 2615 absolutum
1188 2573 1453 2629 Romamque
1499 2576 1606 2616 mis-

34 2664 37 2666 -
91 2654 186 2685 sum
213 2656 327 2686 esse.
563 2647 570 2652 ’

200 2731 352 2774 Genus
389 2734 616 2774 carminum
654 2733 765 2788 quod
806 2734 973 2788 attinet,
1005 2735 1136 2775 maior
1163 2748 1263 2788 pars
1292 2740 1360 2775 est
1389 2748 1414 2773 e
1441 2746 1606 2788 genere
