<?xml version="1.0" encoding="UTF-8"?>
<!DOCTYPE html PUBLIC "-//W3C//DTD XHTML 1.0 Transitional//EN"
    "http://www.w3.org/TR/xhtml1/DTD/xhtml1-transitional.dtd">
<html xmlns="http://www.w3.org/1999/xhtml" xml:lang="en" lang="en">
 <head>
  <title>
</title>
<meta http-equiv="Content-Type" content="text/html;charset=utf-8" />
  <meta name='ocr-system' content='tesseract 3.04.00' />
  <meta name='ocr-capabilities' content='ocr_page ocr_carea ocr_par ocr_line ocrx_word'/>
</head>
<body>
  <div class='ocr_page' id='page_1' title='image "./tristiumlibriqui00oviduoft_0100.png"; bbox 0 0 1846 3146; ppageno 0'>
   <div class='ocr_carea' id='block_1_1' title="bbox 188 146 252 194">
    <p class='ocr_par' dir='ltr' id='par_1_1' title="bbox 188 146 252 194">
     <span class='ocr_line' id='line_1_1' title="bbox 188 146 252 194; baseline -0.016 0"><span class='ocrx_word' id='word_1_1' title='bbox 188 146 252 194; x_wconf 79' lang='lat'>62</span> 
     </span>
    </p>
   </div>
   <div class='ocr_carea' id='block_1_2' title="bbox 435 129 1478 208">
    <p class='ocr_par' dir='ltr' id='par_1_2' title="bbox 435 129 1478 208">
     <span class='ocr_line' id='line_1_2' title="bbox 435 129 1478 208; baseline 0.007 -14"><span class='ocrx_word' id='word_1_2' title='bbox 435 145 489 194; x_wconf 81' lang='lat' dir='ltr'>p.</span> <span class='ocrx_word' id='word_1_3' title='bbox 526 145 750 196; x_wconf 79' lang='lat' dir='ltr'>ovum</span> <span class='ocrx_word' id='word_1_4' title='bbox 785 146 1100 198; x_wconf 84' lang='lat' dir='ltr'>NASONIS</span> <span class='ocrx_word' id='word_1_5' title='bbox 1136 129 1478 208; x_wconf 78' lang='lat' dir='ltr'><strong>TRISTIUM</strong></span> 
     </span>
    </p>
   </div>
   <div class='ocr_carea' id='block_1_3' title="bbox 185 265 1719 750">
    <p class='ocr_par' dir='ltr' id='par_1_3' title="bbox 191 265 1540 427">
     <span class='ocr_line' id='line_1_3' title="bbox 191 265 1531 336; baseline 0.002 -20"><span class='ocrx_word' id='word_1_6' title='bbox 191 265 314 316; x_wconf 88' lang='lat' dir='ltr'>Cum</span> <span class='ocrx_word' id='word_1_7' title='bbox 348 273 521 333; x_wconf 83' lang='lat' dir='ltr'><strong>repeto</strong></span> <span class='ocrx_word' id='word_1_8' title='bbox 556 274 764 329; x_wconf 83' lang='lat' dir='ltr'>noctem,</span> <span class='ocrx_word' id='word_1_9' title='bbox 801 286 895 334; x_wconf 88' lang='lat' dir='ltr'>qua</span> <span class='ocrx_word' id='word_1_10' title='bbox 927 275 1002 319; x_wconf 88' lang='lat' dir='ltr'>tot</span> <span class='ocrx_word' id='word_1_11' title='bbox 1033 270 1148 318; x_wconf 91' lang='lat' dir='ltr'>mihi</span> <span class='ocrx_word' id='word_1_12' title='bbox 1183 286 1298 320; x_wconf 86' lang='lat' dir='ltr'>cara</span> <span class='ocrx_word' id='word_1_13' title='bbox 1331 271 1531 336; x_wconf 80' lang='lat' dir='ltr'>reliqui:</span> 
     </span>
     <span class='ocr_line' id='line_1_4' title="bbox 253 349 1540 427; baseline 0.002 -28"><span class='ocrx_word' id='word_1_14' title='bbox 253 349 459 399; x_wconf 85' lang='lat' dir='ltr'>Labitur</span> <span class='ocrx_word' id='word_1_15' title='bbox 493 366 557 399; x_wconf 86' lang='lat' dir='ltr'>ex</span> <span class='ocrx_word' id='word_1_16' title='bbox 594 351 754 400; x_wconf 86' lang='lat' dir='ltr'>oculis</span> <span class='ocrx_word' id='word_1_17' title='bbox 787 367 916 427; x_wconf 74' lang='lat' dir='ltr'>nunc</span> <span class='ocrx_word' id='word_1_18' title='bbox 951 368 1142 418; x_wconf 90' lang='lat' dir='ltr'>quoque</span> <span class='ocrx_word' id='word_1_19' title='bbox 1176 359 1315 418; x_wconf 85' lang='lat' dir='ltr'>gutta</span> <span class='ocrx_word' id='word_1_20' title='bbox 1346 356 1481 402; x_wconf 74' lang='lat' dir='ltr'>meis,</span> <span class='ocrx_word' id='word_1_21' title='bbox 1537 378 1540 383; x_wconf 57' lang='lat'><em>1</em></span> 
     </span>
    </p>

    <p class='ocr_par' dir='ltr' id='par_1_4' title="bbox 187 433 1719 568">
     <span class='ocr_line' id='line_1_5' title="bbox 187 433 1719 500; baseline 0.004 -19"><span class='ocrx_word' id='word_1_22' title='bbox 187 433 288 481; x_wconf 88' lang='lat' dir='ltr'>Iam</span> <span class='ocrx_word' id='word_1_23' title='bbox 322 448 477 500; x_wconf 88' lang='lat' dir='ltr'><strong>prope</strong></span> <span class='ocrx_word' id='word_1_24' title='bbox 511 433 599 482; x_wconf 85' lang='lat' dir='ltr'>lux</span> <span class='ocrx_word' id='word_1_25' title='bbox 636 433 823 495; x_wconf 84' lang='lat' dir='ltr'>aderat,</span> <span class='ocrx_word' id='word_1_26' title='bbox 861 453 955 500; x_wconf 91' lang='lat' dir='ltr'>qua</span> <span class='ocrx_word' id='word_1_27' title='bbox 988 451 1064 484; x_wconf 91' lang='lat' dir='ltr'>me</span> <span class='ocrx_word' id='word_1_28' title='bbox 1101 435 1361 486; x_wconf 83' lang='lat' dir='ltr'>discedere</span> <span class='ocrx_word' id='word_1_29' title='bbox 1395 434 1599 497; x_wconf 84' lang='lat' dir='ltr'>Caesar,</span> <span class='ocrx_word' id='word_1_30' title='bbox 1685 437 1719 485; x_wconf 84' lang='lat'>5</span> 
     </span>
     <span class='ocr_line' id='line_1_6' title="bbox 197 503 1292 568; baseline 0.005 -5.128"><span class='ocrx_word' id='word_1_31' title='bbox 224 503 234 516; x_wconf 38' lang='lat'>&#39;¹</span> <span class='ocrx_word' id='word_1_32' title='bbox 197 515 460 565; x_wconf 79' lang='lat' dir='ltr'>Finibus</span> <span class='ocrx_word' id='word_1_33' title='bbox 495 522 744 566; x_wconf 82' lang='lat' dir='ltr'>extremae</span> <span class='ocrx_word' id='word_1_34' title='bbox 777 519 989 566; x_wconf 83' lang='lat' dir='ltr'>iusserat</span> <span class='ocrx_word' id='word_1_35' title='bbox 1021 518 1292 568; x_wconf 85' lang='lat' dir='ltr'>Ausoniae.</span> 
     </span>
    </p>

    <p class='ocr_par' dir='ltr' id='par_1_5' title="bbox 185 599 1600 750">
     <span class='ocr_line' id='line_1_7' title="bbox 185 599 1600 669; baseline 0.003 -22"><span class='ocrx_word' id='word_1_36' title='bbox 185 599 299 648; x_wconf 88' lang='lat' dir='ltr'>Nec</span> <span class='ocrx_word' id='word_1_37' title='bbox 334 600 541 665; x_wconf 83' lang='lat' dir='ltr'>spatium</span> <span class='ocrx_word' id='word_1_38' title='bbox 575 614 669 648; x_wconf 86' lang='lat' dir='ltr'>nec</span> <span class='ocrx_word' id='word_1_39' title='bbox 702 614 837 648; x_wconf 83' lang='lat' dir='ltr'>mens</span> <span class='ocrx_word' id='word_1_40' title='bbox 872 600 1034 650; x_wconf 88' lang='lat' dir='ltr'>fuerat</span> <span class='ocrx_word' id='word_1_41' title='bbox 1067 603 1188 650; x_wconf 85' lang='lat' dir='ltr'>satis</span> <span class='ocrx_word' id='word_1_42' title='bbox 1221 606 1337 668; x_wconf 85' lang='lat' dir='ltr'>apta</span> <span class='ocrx_word' id='word_1_43' title='bbox 1367 600 1600 669; x_wconf 87' lang='lat' dir='ltr'>parandi·</span> 
     </span>
     <span class='ocr_line' id='line_1_8' title="bbox 251 681 1371 750; baseline 0.004 -20"><span class='ocrx_word' id='word_1_44' title='bbox 251 681 567 748; x_wconf 85' lang='lat' dir='ltr'>Torpuerant</span> <span class='ocrx_word' id='word_1_45' title='bbox 598 681 751 747; x_wconf 84' lang='lat' dir='ltr'>longa</span> <span class='ocrx_word' id='word_1_46' title='bbox 783 688 989 750; x_wconf 80' lang='lat' dir='ltr'>pectora</span> <span class='ocrx_word' id='word_1_47' title='bbox 1021 689 1190 734; x_wconf 87' lang='lat' dir='ltr'>nostra</span> <span class='ocrx_word' id='word_1_48' title='bbox 1224 699 1371 734; x_wconf 83' lang='lat' dir='ltr'>mora.</span> 
     </span>
    </p>
   </div>
   <div class='ocr_carea' id='block_1_4' title="bbox 179 827 921 1258">
    <p class='ocr_par' dir='ltr' id='par_1_6' title="bbox 179 827 921 1258">
     <span class='ocr_line' id='line_1_9' title="bbox 227 827 918 873; baseline 0.001 -13"><span class='ocrx_word' id='word_1_49' title='bbox 227 828 259 860; x_wconf 85' lang='grc'>3.</span> <span class='ocrx_word' id='word_1_50' title='bbox 293 827 452 869; x_wconf 81' lang='lat' dir='ltr'>Repeto,</span> <span class='ocrx_word' id='word_1_51' title='bbox 474 835 526 860; x_wconf 84' lang='lat' dir='ltr'>sc.</span> <span class='ocrx_word' id='word_1_52' title='bbox 554 828 769 873; x_wconf 87' lang='lat' dir='ltr'>cogitando:</span> <span class='ocrx_word' id='word_1_53' title='bbox 800 828 918 861; x_wconf 80' lang='lat' dir='ltr'>remi-</span> 
     </span>
     <span class='ocr_line' id='line_1_10' title="bbox 181 881 918 924; baseline 0.004 -10"><span class='ocrx_word' id='word_1_54' title='bbox 181 881 280 915; x_wconf 66' lang='lat' dir='ltr'>nisci</span> <span class='ocrx_word' id='word_1_55' title='bbox 303 881 411 924; x_wconf 79' lang='lat' dir='ltr'>enim,</span> <span class='ocrx_word' id='word_1_56' title='bbox 434 886 588 915; x_wconf 88' lang='lat' dir='ltr'>auctore</span> <span class='ocrx_word' id='word_1_57' title='bbox 610 884 723 916; x_wconf 83' lang='lat' dir='ltr'>Varr.</span> <span class='ocrx_word' id='word_1_58' title='bbox 747 885 792 916; x_wconf 90' lang='lat' dir='ltr'>de</span> <span class='ocrx_word' id='word_1_59' title='bbox 815 886 856 917; x_wconf 84' lang='lat' dir='ltr'>L.</span> <span class='ocrx_word' id='word_1_60' title='bbox 874 886 918 917; x_wconf 84' lang='lat' dir='ltr'>L.</span> 
     </span>
     <span class='ocr_line' id='line_1_11' title="bbox 181 937 920 980; baseline 0.001 -9"><span class='ocrx_word' id='word_1_61' title='bbox 181 938 228 971; x_wconf 83' lang='lat' dir='ltr'>V.</span> <span class='ocrx_word' id='word_1_62' title='bbox 252 946 283 970; x_wconf 91' lang='lat' dir='ltr'>c.</span> <span class='ocrx_word' id='word_1_63' title='bbox 307 938 354 980; x_wconf 87' lang='grc'><strong>6.,</strong></span> <span class='ocrx_word' id='word_1_64' title='bbox 378 937 445 978; x_wconf 80' lang='lat' dir='ltr'>est,</span> <span class='ocrx_word' id='word_1_65' title='bbox 468 945 551 970; x_wconf 84' lang='lat' dir='ltr'>cum</span> <span class='ocrx_word' id='word_1_66' title='bbox 583 946 641 979; x_wconf 84' lang='lat' dir='ltr'>ea,</span> <span class='ocrx_word' id='word_1_67' title='bbox 672 947 769 980; x_wconf 82' lang='lat' dir='ltr'>quae</span> <span class='ocrx_word' id='word_1_68' title='bbox 799 939 920 972; x_wconf 77' lang='lat' dir='ltr'>tenuit</span> 
     </span>
     <span class='ocr_line' id='line_1_12' title="bbox 180 992 921 1035; baseline 0.004 -10"><span class='ocrx_word' id='word_1_69' title='bbox 180 1001 287 1026; x_wconf 84' lang='lat' dir='ltr'>mens</span> <span class='ocrx_word' id='word_1_70' title='bbox 317 1002 378 1025; x_wconf 46' lang='lat' dir='ltr'>ac*</span> <span class='ocrx_word' id='word_1_71' title='bbox 396 992 596 1035; x_wconf 82' lang='lat' dir='ltr'>memoria,</span> <span class='ocrx_word' id='word_1_72' title='bbox 636 994 854 1035; x_wconf 66' lang='lat' dir='ltr'>cogitantur</span> <span class='ocrx_word' id='word_1_73' title='bbox 883 996 921 1028; x_wconf 78' lang='lat' dir='ltr'>et</span> 
     </span>
     <span class='ocr_line' id='line_1_13' title="bbox 180 1048 918 1094; baseline 0.004 -13"><span class='ocrx_word' id='word_1_74' title='bbox 180 1048 386 1091; x_wconf 61' lang='lat' dir='ltr'>copitando</span> <span class='ocrx_word' id='word_1_75' title='bbox 410 1049 648 1089; x_wconf 80' lang='lat' dir='ltr'>repetuntur.</span> <span class='ocrx_word' id='word_1_76' title='bbox 695 1050 801 1083; x_wconf 83' lang='lat' dir='ltr'>Conf.</span> <span class='ocrx_word' id='word_1_77' title='bbox 825 1053 858 1092; x_wconf 92' lang='grc' dir='ltr'>Ι,</span> <span class='ocrx_word' id='word_1_78' title='bbox 883 1051 918 1094; x_wconf 89' lang='grc'>1,</span> 
     </span>
     <span class='ocr_line' id='line_1_14' title="bbox 179 1104 918 1148; baseline 0.003 -11"><span class='ocrx_word' id='word_1_79' title='bbox 179 1104 235 1137; x_wconf 80' lang='lat'>23.</span> <span class='ocrx_word' id='word_1_80' title='bbox 280 1105 419 1137; x_wconf 87' lang='lat' dir='ltr'>Eodem</span> <span class='ocrx_word' id='word_1_81' title='bbox 430 1105 538 1137; x_wconf 91' lang='lat' dir='ltr'>modo</span> <span class='ocrx_word' id='word_1_82' title='bbox 552 1105 684 1138; x_wconf 89' lang='lat' dir='ltr'>dicitur</span> <span class='ocrx_word' id='word_1_83' title='bbox 695 1105 839 1148; x_wconf 80' lang='lat' dir='ltr'>refero,</span> <span class='ocrx_word' id='word_1_84' title='bbox 850 1115 918 1139; x_wconf 84' lang='lat' dir='ltr'>ve-</span> 
     </span>
     <span class='ocr_line' id='line_1_15' title="bbox 182 1149 918 1202; baseline 0.003 -9"><span class='ocrx_word' id='word_1_85' title='bbox 182 1149 239 1193; x_wconf 81' lang='lat' dir='ltr'>lu&#39;t</span> <span class='ocrx_word' id='word_1_86' title='bbox 260 1162 350 1193; x_wconf 85' lang='lat' dir='ltr'>Met.</span> <span class='ocrx_word' id='word_1_87' title='bbox 373 1161 406 1202; x_wconf 89' lang='grc' dir='ltr'>Ι,</span> <span class='ocrx_word' id='word_1_88' title='bbox 434 1159 510 1192; x_wconf 79' lang='grc'><strong>165.</strong></span> <span class='ocrx_word' id='word_1_89' title='bbox 535 1163 573 1192; x_wconf 86' lang='lat' dir='ltr'>et</span> <span class='ocrx_word' id='word_1_90' title='bbox 600 1162 746 1202; x_wconf 80' lang='lat' dir='ltr'>recolo,</span> <span class='ocrx_word' id='word_1_91' title='bbox 770 1164 810 1194; x_wconf 87' lang='lat' dir='ltr'>ut</span> <span class='ocrx_word' id='word_1_92' title='bbox 832 1163 918 1195; x_wconf 83' lang='lat' dir='ltr'>Her.</span> 
     </span>
     <span class='ocr_line' id='line_1_16' title="bbox 179 1215 844 1258; baseline 0.002 -10"><span class='ocrx_word' id='word_1_93' title='bbox 179 1215 233 1258; x_wconf 85' lang='lat' dir='ltr'>V,</span> <span class='ocrx_word' id='word_1_94' title='bbox 257 1217 348 1258; x_wconf 84' lang='lat'>113„</span> <span class='ocrx_word' id='word_1_95' title='bbox 373 1216 467 1257; x_wconf 84' lang='lat' dir='ltr'>quod</span> <span class='ocrx_word' id='word_1_96' title='bbox 490 1215 522 1247; x_wconf 92' lang='lat' dir='ltr'>h.</span> <span class='ocrx_word' id='word_1_97' title='bbox 546 1216 572 1248; x_wconf 89' lang='lat'>1.</span> <span class='ocrx_word' id='word_1_98' title='bbox 594 1217 700 1249; x_wconf 84' lang='lat' dir='ltr'>Serv.</span> <span class='ocrx_word' id='word_1_99' title='bbox 724 1217 844 1250; x_wconf 88' lang='lat' dir='ltr'>habet.</span> 
     </span>
    </p>
   </div>
   <div class='ocr_carea' id='block_1_5' title="bbox 178 1292 919 1669">
    <p class='ocr_par' dir='ltr' id='par_1_7' title="bbox 178 1292 919 1604">
     <span class='ocr_line' id='line_1_17' title="bbox 224 1292 917 1335; baseline 0.001 -9"><span class='ocrx_word' id='word_1_100' title='bbox 224 1292 257 1326; x_wconf 78' lang='lat'>4.</span> <span class='ocrx_word' id='word_1_101' title='bbox 281 1292 404 1325; x_wconf 85' lang='lat' dir='ltr'>Nunc.</span> <span class='ocrx_word' id='word_1_102' title='bbox 437 1293 539 1326; x_wconf 84' lang='lat' dir='ltr'>Maff.</span> <span class='ocrx_word' id='word_1_103' title='bbox 553 1296 591 1327; x_wconf 89' lang='lat' dir='ltr'>et</span> <span class='ocrx_word' id='word_1_104' title='bbox 610 1295 752 1335; x_wconf 87' lang='lat' dir='ltr'>quidam</span> <span class='ocrx_word' id='word_1_105' title='bbox 772 1295 835 1327; x_wconf 89' lang='lat' dir='ltr'>alii</span> <span class='ocrx_word' id='word_1_106' title='bbox 852 1303 917 1328; x_wconf 86' lang='lat' dir='ltr'>re-</span> 
     </span>
     <span class='ocr_line' id='line_1_18' title="bbox 180 1348 917 1392; baseline 0.001 -11"><span class='ocrx_word' id='word_1_107' title='bbox 180 1348 274 1381; x_wconf 88' lang='lat' dir='ltr'>ctius</span> <span class='ocrx_word' id='word_1_108' title='bbox 296 1356 408 1390; x_wconf 84' lang='lat' dir='ltr'>nunc,</span> <span class='ocrx_word' id='word_1_109' title='bbox 430 1349 464 1382; x_wconf 88' lang='lat' dir='ltr'>h.</span> <span class='ocrx_word' id='word_1_110' title='bbox 489 1357 520 1382; x_wconf 90' lang='lat' dir='ltr'>e.</span> <span class='ocrx_word' id='word_1_111' title='bbox 545 1358 646 1382; x_wconf 81' lang='lat' dir='ltr'>nunc</span> <span class='ocrx_word' id='word_1_112' title='bbox 667 1350 803 1392; x_wconf 79' lang='lat' dir='ltr'>adhuc,</span> <span class='ocrx_word' id='word_1_113' title='bbox 834 1358 917 1382; x_wconf 76' lang='lat' dir='ltr'>cum</span> 
     </span>
     <span class='ocr_line' id='line_1_19' title="bbox 178 1403 918 1439; baseline 0.001 -2"><span class='ocrx_word' id='word_1_114' title='bbox 178 1403 273 1438; x_wconf 67' lang='lat' dir='ltr'>haec</span> <span class='ocrx_word' id='word_1_115' title='bbox 295 1404 496 1437; x_wconf 78' lang='lat' dir='ltr'>recordor.</span> <span class='ocrx_word' id='word_1_116' title='bbox 537 1404 647 1438; x_wconf 65' lang='grc' dir='ltr'><strong>Οιοπ.</strong></span> <span class='ocrx_word' id='word_1_117' title='bbox 693 1405 918 1439; x_wconf 81' lang='lat' dir='ltr'>confirmant</span> 
     </span>
     <span class='ocr_line' id='line_1_20' title="bbox 179 1460 917 1504; baseline -0.004 -10"><span class='ocrx_word' id='word_1_118' title='bbox 179 1461 327 1503; x_wconf 80' lang='lat' dir='ltr'>Dresd„</span> <span class='ocrx_word' id='word_1_119' title='bbox 350 1461 538 1504; x_wconf 76' lang='lat' dir='ltr'>Rottend„</span> <span class='ocrx_word' id='word_1_120' title='bbox 561 1462 617 1494; x_wconf 91' lang='lat' dir='ltr'>ed.</span> <span class='ocrx_word' id='word_1_121' title='bbox 640 1469 697 1502; x_wconf 84' lang='lat' dir='ltr'>pr.</span> <span class='ocrx_word' id='word_1_122' title='bbox 718 1460 857 1492; x_wconf 84' lang='lat' dir='ltr'>Heinsii</span> <span class='ocrx_word' id='word_1_123' title='bbox 879 1463 917 1492; x_wconf 87' lang='lat' dir='ltr'>et</span> 
     </span>
     <span class='ocr_line' id='line_1_21' title="bbox 180 1515 919 1559; baseline 0.003 -13"><span class='ocrx_word' id='word_1_124' title='bbox 180 1515 303 1553; x_wconf 81' lang='lat' dir='ltr'>Guelf.</span> <span class='ocrx_word' id='word_1_125' title='bbox 327 1524 395 1556; x_wconf 88' lang='lat' dir='ltr'>pro</span> <span class='ocrx_word' id='word_1_126' title='bbox 419 1526 455 1548; x_wconf 87' lang='lat' dir='ltr'>v.</span> <span class='ocrx_word' id='word_1_127' title='bbox 478 1526 551 1550; x_wconf 87' lang='lat' dir='ltr'>scr.</span> <span class='ocrx_word' id='word_1_128' title='bbox 595 1517 740 1559; x_wconf 84' lang='lat' dir='ltr'>Reliqui</span> <span class='ocrx_word' id='word_1_129' title='bbox 753 1516 857 1549; x_wconf 90' lang='lat' dir='ltr'>codd.</span> <span class='ocrx_word' id='word_1_130' title='bbox 881 1518 919 1549; x_wconf 82' lang='lat' dir='ltr'>et</span> 
     </span>
     <span class='ocr_line' id='line_1_22' title="bbox 178 1571 503 1604; baseline 0 0"><span class='ocrx_word' id='word_1_131' title='bbox 178 1572 271 1604; x_wconf 80' lang='lat' dir='ltr'>vett.</span> <span class='ocrx_word' id='word_1_132' title='bbox 296 1572 375 1603; x_wconf 90' lang='lat' dir='ltr'>edd.</span> <span class='ocrx_word' id='word_1_133' title='bbox 401 1571 503 1604; x_wconf 74' lang='lat' dir='ltr'>tunc.</span> 
     </span>
    </p>

    <p class='ocr_par' dir='ltr' id='par_1_8' title="bbox 224 1624 765 1669">
     <span class='ocr_line' id='line_1_23' title="bbox 224 1624 765 1669; baseline -0.002 -11"><span class='ocrx_word' id='word_1_134' title='bbox 224 1625 356 1658; x_wconf 79' lang='lat' dir='ltr'>Gutta.</span> <span class='ocrx_word' id='word_1_135' title='bbox 402 1628 511 1668; x_wconf 86' lang='lat' dir='ltr'>Prop.</span> <span class='ocrx_word' id='word_1_136' title='bbox 536 1628 606 1669; x_wconf 83' lang='lat' dir='ltr'>IV,</span> <span class='ocrx_word' id='word_1_137' title='bbox 629 1629 665 1669; x_wconf 92' lang='lat'>1,</span> <span class='ocrx_word' id='word_1_138' title='bbox 689 1624 765 1658; x_wconf 79' lang='lat'>144.</span> 
     </span>
    </p>
   </div>
   <div class='ocr_carea' id='block_1_6' title="bbox 245 1689 917 1762">
    <p class='ocr_par' dir='ltr' id='par_1_9' title="bbox 245 1689 917 1762">
     <span class='ocr_line' id='line_1_24' title="bbox 245 1689 917 1727; baseline -0.001 -8"><span class='ocrx_word' id='word_1_139' title='bbox 245 1690 337 1719; x_wconf 79' lang='lat' dir='ltr'>Gutta</span> <span class='ocrx_word' id='word_1_140' title='bbox 355 1698 476 1727; x_wconf 77' lang='lat' dir='ltr'>quoque</span> <span class='ocrx_word' id='word_1_141' title='bbox 500 1698 538 1718; x_wconf 75' lang='lat' dir='ltr'>ex</span> <span class='ocrx_word' id='word_1_142' title='bbox 563 1689 662 1718; x_wconf 82' lang='lat' dir='ltr'>oculis</span> <span class='ocrx_word' id='word_1_143' title='bbox 685 1689 808 1718; x_wconf 84' lang='lat' dir='ltr'>nonnisi</span> <span class='ocrx_word' id='word_1_144' title='bbox 832 1689 917 1718; x_wconf 80' lang='lat' dir='ltr'>iussa</span> 
     </span>
     <span class='ocr_line' id='line_1_25' title="bbox 580 1734 723 1762; baseline -0.028 0"><span class='ocrx_word' id='word_1_145' title='bbox 580 1734 679 1762; x_wconf 80' lang='lat' dir='ltr'>eadat.</span> <span class='ocrx_word' id='word_1_146' title='bbox 719 1755 723 1758; x_wconf 70' lang='grc'>,</span> 
     </span>
    </p>
   </div>
   <div class='ocr_carea' id='block_1_7' title="bbox 180 1792 721 1836">
    <p class='ocr_par' dir='ltr' id='par_1_10' title="bbox 180 1792 721 1836">
     <span class='ocr_line' id='line_1_26' title="bbox 180 1792 721 1836; baseline -0.006 -9"><span class='ocrx_word' id='word_1_147' title='bbox 180 1796 280 1827; x_wconf 85' lang='lat' dir='ltr'>Unus</span> <span class='ocrx_word' id='word_1_148' title='bbox 304 1795 400 1827; x_wconf 89' lang='lat' dir='ltr'>Med.</span> <span class='ocrx_word' id='word_1_149' title='bbox 424 1792 579 1827; x_wconf 81' lang='lat' dir='ltr'>humida</span> <span class='ocrx_word' id='word_1_150' title='bbox 599 1793 721 1836; x_wconf 72' lang='lat' dir='ltr'>yutta.</span> 
     </span>
    </p>
   </div>
   <div class='ocr_carea' id='block_1_8' title="bbox 178 1869 918 2184">
    <p class='ocr_par' dir='ltr' id='par_1_11' title="bbox 178 1869 918 2184">
     <span class='ocr_line' id='line_1_27' title="bbox 222 1869 918 1906; baseline -0.006 -1"><span class='ocrx_word' id='word_1_151' title='bbox 222 1875 254 1905; x_wconf 82' lang='grc'>5.</span> <span class='ocrx_word' id='word_1_152' title='bbox 287 1872 385 1905; x_wconf 63' lang='lat' dir='ltr'>Luat.</span> <span class='ocrx_word' id='word_1_153' title='bbox 431 1874 508 1906; x_wconf 84' lang='lat' dir='ltr'>Pal.</span> <span class='ocrx_word' id='word_1_154' title='bbox 525 1874 558 1905; x_wconf 81' lang='lat'>2.</span> <span class='ocrx_word' id='word_1_155' title='bbox 582 1874 619 1905; x_wconf 94' lang='lat' dir='ltr'>et</span> <span class='ocrx_word' id='word_1_156' title='bbox 642 1875 679 1905; x_wconf 89' lang='grc' dir='ltr'>ΙΙ</span> <span class='ocrx_word' id='word_1_157' title='bbox 701 1871 763 1904; x_wconf 86' lang='lat' dir='ltr'>alii</span> <span class='ocrx_word' id='word_1_158' title='bbox 781 1869 918 1902; x_wconf 86' lang='lat' dir='ltr'>Heinsii</span> 
     </span>
     <span class='ocr_line' id='line_1_28' title="bbox 181 1923 915 1968; baseline -0.003 -9"><span class='ocrx_word' id='word_1_159' title='bbox 181 1936 272 1960; x_wconf 73' lang='lat' dir='ltr'>now.</span> <span class='ocrx_word' id='word_1_160' title='bbox 332 1928 443 1961; x_wconf 88' lang='lat' dir='ltr'>Male.</span> <span class='ocrx_word' id='word_1_161' title='bbox 496 1923 627 1961; x_wconf 87' lang='lat' dir='ltr'>Mirari</span> <span class='ocrx_word' id='word_1_162' title='bbox 663 1930 783 1960; x_wconf 89' lang='lat' dir='ltr'>autem</span> <span class='ocrx_word' id='word_1_163' title='bbox 811 1926 915 1968; x_wconf 89' lang='lat' dir='ltr'>licet,</span> 
     </span>
     <span class='ocr_line' id='line_1_29' title="bbox 178 1974 915 2026; baseline -0.004 -10"><span class='ocrx_word' id='word_1_164' title='bbox 178 1983 402 2024; x_wconf 80' lang='lat' dir='ltr'>interpretes</span> <span class='ocrx_word' id='word_1_165' title='bbox 425 1984 625 2026; x_wconf 81' lang='lat' dir='ltr'>dubitasse,</span> <span class='ocrx_word' id='word_1_166' title='bbox 646 1974 751 2024; x_wconf 89' lang='lat' dir='ltr'>quum</span> <span class='ocrx_word' id='word_1_167' title='bbox 769 1985 806 2014; x_wconf 88' lang='lat' dir='ltr'>et</span> <span class='ocrx_word' id='word_1_168' title='bbox 827 1989 915 2013; x_wconf 90' lang='lat' dir='ltr'>sen-</span> 
     </span>
     <span class='ocr_line' id='line_1_30' title="bbox 178 2034 914 2080; baseline -0.003 -10"><span class='ocrx_word' id='word_1_169' title='bbox 178 2047 240 2071; x_wconf 90' lang='lat' dir='ltr'>sus</span> <span class='ocrx_word' id='word_1_170' title='bbox 265 2042 303 2072; x_wconf 91' lang='lat' dir='ltr'>et</span> <span class='ocrx_word' id='word_1_171' title='bbox 324 2039 439 2080; x_wconf 89' lang='lat' dir='ltr'>ipsum</span> <span class='ocrx_word' id='word_1_172' title='bbox 463 2034 611 2071; x_wconf 69' lang='lat' dir='ltr'>carmen</span> <span class='ocrx_word' id='word_1_173' title='bbox 634 2038 759 2077; x_wconf 80' lang='lat' dir='ltr'>(Conf.</span> <span class='ocrx_word' id='word_1_174' title='bbox 781 2047 817 2070; x_wconf 85' lang='lat' dir='ltr'>v.</span> <span class='ocrx_word' id='word_1_175' title='bbox 840 2037 914 2074; x_wconf 80' lang='lat'>47.)</span> 
     </span>
     <span class='ocr_line' id='line_1_31' title="bbox 179 2092 913 2135; baseline 0 -11"><span class='ocrx_word' id='word_1_176' title='bbox 179 2095 217 2125; x_wconf 89' lang='lat' dir='ltr'>et</span> <span class='ocrx_word' id='word_1_177' title='bbox 238 2095 329 2126; x_wconf 84' lang='lat' dir='ltr'>vett.</span> <span class='ocrx_word' id='word_1_178' title='bbox 352 2094 439 2126; x_wconf 87' lang='lat' dir='ltr'>libri</span> <span class='ocrx_word' id='word_1_179' title='bbox 455 2093 677 2135; x_wconf 81' lang='lat' dir='ltr'>scripturam</span> <span class='ocrx_word' id='word_1_180' title='bbox 694 2094 764 2125; x_wconf 73' lang='lat' dir='ltr'>lua&gt;</span> <span class='ocrx_word' id='word_1_181' title='bbox 775 2092 913 2124; x_wconf 84' lang='lat' dir='ltr'>confir-</span> 
     </span>
     <span class='ocr_line' id='line_1_32' title="bbox 179 2151 697 2184; baseline -0.002 -3"><span class='ocrx_word' id='word_1_182' title='bbox 179 2151 287 2182; x_wconf 86' lang='lat' dir='ltr'>ment.</span> <span class='ocrx_word' id='word_1_183' title='bbox 310 2166 354 2173; x_wconf 91' lang='lat'>-—</span> <span class='ocrx_word' id='word_1_184' title='bbox 378 2151 499 2184; x_wconf 82' lang='lat' dir='ltr'>Guelf.</span> <span class='ocrx_word' id='word_1_185' title='bbox 523 2157 606 2182; x_wconf 85' lang='lat' dir='ltr'>cum</span> <span class='ocrx_word' id='word_1_186' title='bbox 627 2158 697 2181; x_wconf 87' lang='lat' dir='ltr'>me.</span> 
     </span>
    </p>
   </div>
   <div class='ocr_carea' id='block_1_9' title="bbox 176 2226 914 2769">
    <p class='ocr_par' dir='ltr' id='par_1_12' title="bbox 176 2226 914 2769">
     <span class='ocr_line' id='line_1_33' title="bbox 223 2226 914 2269; baseline 0 -9"><span class='ocrx_word' id='word_1_187' title='bbox 223 2229 254 2260; x_wconf 82' lang='lat'>6.</span> <span class='ocrx_word' id='word_1_188' title='bbox 288 2227 519 2269; x_wconf 75' lang='lat' dir='ltr'>Extremae,</span> <span class='ocrx_word' id='word_1_189' title='bbox 553 2236 600 2260; x_wconf 83' lang='lat' dir='ltr'>ex</span> <span class='ocrx_word' id='word_1_190' title='bbox 629 2227 737 2268; x_wconf 85' lang='lat' dir='ltr'>copia</span> <span class='ocrx_word' id='word_1_191' title='bbox 766 2226 914 2268; x_wconf 72' lang='lat' dir='ltr'>poetica</span> 
     </span>
     <span class='ocr_line' id='line_1_34' title="bbox 178 2280 912 2325; baseline -0.001 -10"><span class='ocrx_word' id='word_1_192' title='bbox 178 2283 348 2316; x_wconf 83' lang='lat' dir='ltr'>additum.</span> <span class='ocrx_word' id='word_1_193' title='bbox 372 2285 428 2316; x_wconf 88' lang='lat' dir='ltr'>De</span> <span class='ocrx_word' id='word_1_194' title='bbox 447 2283 610 2317; x_wconf 88' lang='lat' dir='ltr'>Ausonia</span> <span class='ocrx_word' id='word_1_195' title='bbox 619 2280 693 2315; x_wconf 67' lang='lat' dir='ltr'>‘vid.</span> <span class='ocrx_word' id='word_1_196' title='bbox 705 2283 750 2314; x_wconf 84' lang='lat' dir='ltr'>ad</span> <span class='ocrx_word' id='word_1_197' title='bbox 766 2285 797 2324; x_wconf 94' lang='lat'>1,</span> <span class='ocrx_word' id='word_1_198' title='bbox 811 2284 847 2325; x_wconf 87' lang='lat'>2,</span> <span class='ocrx_word' id='word_1_199' title='bbox 859 2283 912 2315; x_wconf 80' lang='grc'>92.</span> 
     </span>
     <span class='ocr_line' id='line_1_35' title="bbox 178 2337 914 2378; baseline 0 -8"><span class='ocrx_word' id='word_1_200' title='bbox 178 2337 351 2370; x_wconf 86' lang='lat' dir='ltr'>Ceterum</span> <span class='ocrx_word' id='word_1_201' title='bbox 389 2341 516 2372; x_wconf 89' lang='lat' dir='ltr'>eodem</span> <span class='ocrx_word' id='word_1_202' title='bbox 553 2340 660 2371; x_wconf 87' lang='lat' dir='ltr'>modo</span> <span class='ocrx_word' id='word_1_203' title='bbox 696 2337 914 2378; x_wconf 83' lang='lat' dir='ltr'>pentametri</span> 
     </span>
     <span class='ocr_line' id='line_1_36' title="bbox 179 2394 913 2436; baseline 0 -10"><span class='ocrx_word' id='word_1_204' title='bbox 179 2395 389 2427; x_wconf 83' lang='lat' dir='ltr'>choriambo</span> <span class='ocrx_word' id='word_1_205' title='bbox 410 2396 546 2427; x_wconf 87' lang='lat' dir='ltr'>exeunt</span> <span class='ocrx_word' id='word_1_206' title='bbox 563 2394 671 2427; x_wconf 82' lang='lat' dir='ltr'>Trist.</span> <span class='ocrx_word' id='word_1_207' title='bbox 685 2395 737 2436; x_wconf 89' lang='grc' dir='ltr'>ΙΙ,</span> <span class='ocrx_word' id='word_1_208' title='bbox 749 2395 825 2426; x_wconf 82' lang='lat'><strong><em>232.</em></strong></span> <span class='ocrx_word' id='word_1_209' title='bbox 837 2394 913 2426; x_wconf 82' lang='lat'><strong>416.</strong></span> 
     </span>
     <span class='ocr_line' id='line_1_37' title="bbox 177 2450 913 2492; baseline -0.003 -10"><span class='ocrx_word' id='word_1_210' title='bbox 177 2451 255 2482; x_wconf 76' lang='lat'><strong>430.</strong></span> <span class='ocrx_word' id='word_1_211' title='bbox 280 2450 373 2492; x_wconf 75' lang='lat'>³14„</span> <span class='ocrx_word' id='word_1_212' title='bbox 396 2451 466 2492; x_wconf 89' lang='lat'>111,</span> <span class='ocrx_word' id='word_1_213' title='bbox 486 2453 521 2492; x_wconf 84' lang='lat'>5,</span> <span class='ocrx_word' id='word_1_214' title='bbox 545 2450 614 2491; x_wconf 83' lang='lat'>40„</span> <span class='ocrx_word' id='word_1_215' title='bbox 638 2451 705 2490; x_wconf 87' lang='lat'>111,</span> <span class='ocrx_word' id='word_1_216' title='bbox 729 2450 766 2491; x_wconf 78' lang='grc'>9,</span> <span class='ocrx_word' id='word_1_217' title='bbox 787 2450 913 2491; x_wconf 68' lang='grc'>2.,111,</span> 
     </span>
     <span class='ocr_line' id='line_1_38' title="bbox 178 2503 912 2547; baseline -0.001 -10"><span class='ocrx_word' id='word_1_218' title='bbox 178 2506 235 2547; x_wconf 87' lang='grc'>10,</span> <span class='ocrx_word' id='word_1_219' title='bbox 259 2505 307 2547; x_wconf 79' lang='lat'>4„</span> <span class='ocrx_word' id='word_1_220' title='bbox 332 2506 402 2546; x_wconf 87' lang='lat' dir='ltr'>1V,</span> <span class='ocrx_word' id='word_1_221' title='bbox 426 2507 462 2547; x_wconf 83' lang='grc'>5,</span> <span class='ocrx_word' id='word_1_222' title='bbox 485 2505 554 2547; x_wconf 79' lang='grc'><strong>24.,</strong></span> <span class='ocrx_word' id='word_1_223' title='bbox 577 2505 629 2546; x_wconf 90' lang='lat' dir='ltr'>V,</span> <span class='ocrx_word' id='word_1_224' title='bbox 653 2505 688 2547; x_wconf 90' lang='grc'>6,</span> <span class='ocrx_word' id='word_1_225' title='bbox 705 2506 759 2537; x_wconf 84' lang='grc'>30.</span> <span class='ocrx_word' id='word_1_226' title='bbox 807 2503 912 2537; x_wconf 84' lang='lat' dir='ltr'>Conf.</span> 
     </span>
     <span class='ocr_line' id='line_1_39' title="bbox 178 2553 911 2604; baseline -0.004 -10"><span class='ocrx_word' id='word_1_227' title='bbox 178 2564 230 2604; x_wconf 89' lang='lat'>11,</span> <span class='ocrx_word' id='word_1_228' title='bbox 242 2561 405 2594; x_wconf 57' lang='lat'>212294.</span> <span class='ocrx_word' id='word_1_229' title='bbox 426 2553 429 2555; x_wconf 53' lang='grc'><strong>’</strong></span> <span class='ocrx_word' id='word_1_230' title='bbox 453 2559 521 2602; x_wconf 82' lang='lat' dir='ltr'>Qui</span> <span class='ocrx_word' id='word_1_231' title='bbox 537 2562 657 2592; x_wconf 87' lang='lat' dir='ltr'>autem</span> <span class='ocrx_word' id='word_1_232' title='bbox 671 2569 717 2592; x_wconf 85' lang='lat' dir='ltr'>ex</span> <span class='ocrx_word' id='word_1_233' title='bbox 740 2560 794 2592; x_wconf 86' lang='lat' dir='ltr'>bis</span> <span class='ocrx_word' id='word_1_234' title='bbox 817 2568 911 2601; x_wconf 86' lang='lat' dir='ltr'>pau-</span> 
     </span>
     <span class='ocr_line' id='line_1_40' title="bbox 177 2615 912 2650; baseline -0.005 0"><span class='ocrx_word' id='word_1_235' title='bbox 177 2618 230 2650; x_wconf 85' lang='lat' dir='ltr'>cis</span> <span class='ocrx_word' id='word_1_236' title='bbox 258 2618 427 2650; x_wconf 87' lang='lat' dir='ltr'>versibus</span> <span class='ocrx_word' id='word_1_237' title='bbox 457 2617 553 2648; x_wconf 88' lang='lat' dir='ltr'>inter</span> <span class='ocrx_word' id='word_1_238' title='bbox 584 2617 657 2648; x_wconf 87' lang='lat' dir='ltr'>tria</span> <span class='ocrx_word' id='word_1_239' title='bbox 687 2617 768 2647; x_wconf 85' lang='lat' dir='ltr'>fere</span> <span class='ocrx_word' id='word_1_240' title='bbox 797 2615 912 2647; x_wconf 85' lang='lat' dir='ltr'>millia</span> 
     </span>
     <span class='ocr_line' id='line_1_41' title="bbox 176 2671 910 2712; baseline -0.004 -7"><span class='ocrx_word' id='word_1_241' title='bbox 176 2674 361 2706; x_wconf 86' lang='lat' dir='ltr'>Nasonem</span> <span class='ocrx_word' id='word_1_242' title='bbox 396 2674 620 2705; x_wconf 85' lang='lat' dir='ltr'>contendunt</span> <span class='ocrx_word' id='word_1_243' title='bbox 649 2673 685 2703; x_wconf 89' lang='lat' dir='ltr'>in</span> <span class='ocrx_word' id='word_1_244' title='bbox 718 2671 910 2712; x_wconf 79' lang='lat' dir='ltr'>Tristibus,</span> 
     </span>
     <span class='ocr_line' id='line_1_42' title="bbox 176 2726 911 2769; baseline -0.005 -9"><span class='ocrx_word' id='word_1_245' title='bbox 176 2729 271 2769; x_wconf 84' lang='lat' dir='ltr'>quod</span> <span class='ocrx_word' id='word_1_246' title='bbox 295 2729 340 2759; x_wconf 78' lang='lat' dir='ltr'>ad</span> <span class='ocrx_word' id='word_1_247' title='bbox 364 2736 536 2769; x_wconf 81' lang='lat' dir='ltr'>numeros</span> <span class='ocrx_word' id='word_1_248' title='bbox 560 2736 604 2760; x_wconf 87' lang='lat' dir='ltr'>ac</span> <span class='ocrx_word' id='word_1_249' title='bbox 625 2727 752 2759; x_wconf 89' lang='lat' dir='ltr'>modos</span> <span class='ocrx_word' id='word_1_250' title='bbox 766 2726 911 2767; x_wconf 82' lang='lat' dir='ltr'>attinet,</span> 
     </span>
    </p>
   </div>
   <div class='ocr_carea' id='block_1_10' title="bbox 175 2780 923 2825">
    <p class='ocr_par' dir='ltr' id='par_1_13' title="bbox 175 2780 923 2825">
     <span class='ocr_line' id='line_1_43' title="bbox 175 2780 923 2825; baseline -0.003 -9"><span class='ocrx_word' id='word_1_251' title='bbox 175 2783 481 2825; x_wconf 83' lang='lat' dir='ltr'>negligentiorem</span> <span class='ocrx_word' id='word_1_252' title='bbox 510 2783 645 2824; x_wconf 81' lang='lat' dir='ltr'>fuisse,</span> <span class='ocrx_word' id='word_1_253' title='bbox 672 2790 799 2822; x_wconf 83' lang='lat' dir='ltr'>parum</span> <span class='ocrx_word' id='word_1_254' title='bbox 828 2780 923 2814; x_wconf 87' lang='lat' dir='ltr'>mibi.</span> 
     </span>
    </p>
   </div>
   <div class='ocr_carea' id='block_1_11' title="bbox 176 2836 911 2880">
    <p class='ocr_par' dir='ltr' id='par_1_14' title="bbox 176 2836 911 2880">
     <span class='ocr_line' id='line_1_44' title="bbox 176 2836 911 2880; baseline -0.008 -5"><span class='ocrx_word' id='word_1_255' title='bbox 176 2843 300 2875; x_wconf 80' lang='lat' dir='ltr'>dicere</span> <span class='ocrx_word' id='word_1_256' title='bbox 333 2839 523 2880; x_wconf 86' lang='lat' dir='ltr'>videntur,</span> <span class='ocrx_word' id='word_1_257' title='bbox 554 2845 660 2879; x_wconf 85' lang='lat' dir='ltr'>quum</span> <span class='ocrx_word' id='word_1_258' title='bbox 693 2836 911 2879; x_wconf 83' lang='lat' dir='ltr'>praesertim</span> 
     </span>
    </p>
   </div>
   <div class='ocr_carea' id='block_1_12' title="bbox 984 827 1721 1368">
    <p class='ocr_par' dir='ltr' id='par_1_15' title="bbox 984 827 1721 1368">
     <span class='ocr_line' id='line_1_45' title="bbox 986 827 1721 874; baseline -0.001 -12"><span class='ocrx_word' id='word_1_259' title='bbox 986 837 1103 870; x_wconf 88' lang='lat' dir='ltr'>neque</span> <span class='ocrx_word' id='word_1_260' title='bbox 1123 829 1161 861; x_wconf 89' lang='lat' dir='ltr'>in</span> <span class='ocrx_word' id='word_1_261' title='bbox 1184 828 1266 861; x_wconf 86' lang='lat' dir='ltr'>aliis</span> <span class='ocrx_word' id='word_1_262' title='bbox 1288 828 1402 874; x_wconf 78' lang='lat' dir='ltr'>iisque</span> <span class='ocrx_word' id='word_1_263' title='bbox 1420 827 1721 861; x_wconf 74' lang='lat' dir='ltr'>elaboratissimis</span> 
     </span>
     <span class='ocr_line' id='line_1_46' title="bbox 987 883 1720 916; baseline 0.001 -1"><span class='ocrx_word' id='word_1_264' title='bbox 987 883 1204 916; x_wconf 79' lang='lat' dir='ltr'>carminibus</span> <span class='ocrx_word' id='word_1_265' title='bbox 1235 883 1434 916; x_wconf 80' lang='lat' dir='ltr'>choriambi</span> <span class='ocrx_word' id='word_1_266' title='bbox 1462 891 1564 916; x_wconf 88' lang='lat' dir='ltr'>usum</span> <span class='ocrx_word' id='word_1_267' title='bbox 1587 883 1624 916; x_wconf 91' lang='lat' dir='ltr'>in</span> <span class='ocrx_word' id='word_1_268' title='bbox 1646 883 1720 916; x_wconf 82' lang='lat' dir='ltr'>fine</span> 
     </span>
     <span class='ocr_line' id='line_1_47' title="bbox 986 937 1720 981; baseline -0.003 -9"><span class='ocrx_word' id='word_1_269' title='bbox 986 939 1205 981; x_wconf 86' lang='lat' dir='ltr'>pentametri</span> <span class='ocrx_word' id='word_1_270' title='bbox 1231 937 1360 971; x_wconf 85' lang='lat' dir='ltr'>vitarit</span> <span class='ocrx_word' id='word_1_271' title='bbox 1385 938 1486 976; x_wconf 81' lang='lat' dir='ltr'>(Vid.</span> <span class='ocrx_word' id='word_1_272' title='bbox 1506 939 1593 971; x_wconf 82' lang='lat' dir='ltr'>Her.</span> <span class='ocrx_word' id='word_1_273' title='bbox 1614 938 1720 980; x_wconf 78' lang='lat' dir='ltr'>XVI,</span> 
     </span>
     <span class='ocr_line' id='line_1_48' title="bbox 985 994 1719 1037; baseline 0.003 -12"><span class='ocrx_word' id='word_1_274' title='bbox 985 994 1077 1036; x_wconf 81' lang='lat'>288„</span> <span class='ocrx_word' id='word_1_275' title='bbox 1099 994 1219 1036; x_wconf 85' lang='lat' dir='ltr'>XVII,</span> <span class='ocrx_word' id='word_1_276' title='bbox 1242 995 1310 1037; x_wconf 74' lang='lat'>16„</span> <span class='ocrx_word' id='word_1_277' title='bbox 1333 995 1434 1036; x_wconf 80' lang='lat' dir='ltr'>xlx,</span> <span class='ocrx_word' id='word_1_278' title='bbox 1450 994 1542 1036; x_wconf 78' lang='lat'>202„</span> <span class='ocrx_word' id='word_1_279' title='bbox 1556 994 1657 1027; x_wconf 77' lang='lat' dir='ltr'>Fast.</span> <span class='ocrx_word' id='word_1_280' title='bbox 1666 994 1719 1036; x_wconf 85' lang='lat' dir='ltr'>V,</span> 
     </span>
     <span class='ocr_line' id='line_1_49' title="bbox 986 1048 1718 1092; baseline 0.001 -10"><span class='ocrx_word' id='word_1_281' title='bbox 986 1050 1079 1092; x_wconf 78' lang='lat'>582„</span> <span class='ocrx_word' id='word_1_282' title='bbox 1100 1049 1171 1091; x_wconf 83' lang='lat' dir='ltr'>VI,</span> <span class='ocrx_word' id='word_1_283' title='bbox 1203 1050 1279 1082; x_wconf 81' lang='grc'><strong>660.</strong></span> <span class='ocrx_word' id='word_1_284' title='bbox 1334 1048 1440 1083; x_wconf 72' lang='lat' dir='ltr'>Conf.</span> <span class='ocrx_word' id='word_1_285' title='bbox 1462 1052 1538 1082; x_wconf 85' lang='lat' dir='ltr'>not.</span> <span class='ocrx_word' id='word_1_286' title='bbox 1560 1051 1608 1082; x_wconf 82' lang='lat' dir='ltr'>ad</span> <span class='ocrx_word' id='word_1_287' title='bbox 1630 1051 1718 1083; x_wconf 79' lang='lat' dir='ltr'>Her.</span> 
     </span>
     <span class='ocr_line' id='line_1_50' title="bbox 986 1104 1719 1147; baseline 0.001 -10"><span class='ocrx_word' id='word_1_288' title='bbox 986 1106 1087 1147; x_wconf 84' lang='lat' dir='ltr'>XVI,</span> <span class='ocrx_word' id='word_1_289' title='bbox 1111 1105 1198 1146; x_wconf 63' lang='grc'>623,</span> <span class='ocrx_word' id='word_1_290' title='bbox 1222 1112 1292 1137; x_wconf 89' lang='lat' dir='ltr'>nec</span> <span class='ocrx_word' id='word_1_291' title='bbox 1314 1104 1459 1137; x_wconf 87' lang='lat' dir='ltr'>omnino</span> <span class='ocrx_word' id='word_1_292' title='bbox 1487 1105 1575 1138; x_wconf 83' lang='lat' dir='ltr'>satis</span> <span class='ocrx_word' id='word_1_293' title='bbox 1598 1105 1719 1146; x_wconf 84' lang='lat' dir='ltr'>expli-</span> 
     </span>
     <span class='ocr_line' id='line_1_51' title="bbox 987 1159 1719 1203; baseline 0.003 -12"><span class='ocrx_word' id='word_1_294' title='bbox 987 1162 1072 1192; x_wconf 85' lang='lat' dir='ltr'>cata</span> <span class='ocrx_word' id='word_1_295' title='bbox 1083 1159 1246 1200; x_wconf 83' lang='lat' dir='ltr'>quaestio</span> <span class='ocrx_word' id='word_1_296' title='bbox 1258 1161 1322 1203; x_wconf 89' lang='lat' dir='ltr'>sit,</span> <span class='ocrx_word' id='word_1_297' title='bbox 1346 1161 1523 1202; x_wconf 82' lang='lat' dir='ltr'>quatenus</span> <span class='ocrx_word' id='word_1_298' title='bbox 1545 1160 1610 1192; x_wconf 88' lang='lat' dir='ltr'>ille</span> <span class='ocrx_word' id='word_1_299' title='bbox 1632 1169 1719 1194; x_wconf 85' lang='lat' dir='ltr'>usus</span> 
     </span>
     <span class='ocr_line' id='line_1_52' title="bbox 985 1214 1718 1257; baseline 0.003 -11"><span class='ocrx_word' id='word_1_300' title='bbox 985 1222 1008 1246; x_wconf 88' lang='lat' dir='ltr'>a</span> <span class='ocrx_word' id='word_1_301' title='bbox 1030 1214 1151 1247; x_wconf 87' lang='lat' dir='ltr'>Latini</span> <span class='ocrx_word' id='word_1_302' title='bbox 1173 1217 1353 1249; x_wconf 87' lang='lat' dir='ltr'>sermonis</span> <span class='ocrx_word' id='word_1_303' title='bbox 1375 1215 1561 1257; x_wconf 82' lang='lat' dir='ltr'>elegantia</span> <span class='ocrx_word' id='word_1_304' title='bbox 1581 1216 1718 1248; x_wconf 84' lang='lat' dir='ltr'>abhor-</span> 
     </span>
     <span class='ocr_line' id='line_1_53' title="bbox 984 1270 1719 1305; baseline 0.005 -5"><span class='ocrx_word' id='word_1_305' title='bbox 984 1276 1070 1301; x_wconf 87' lang='lat' dir='ltr'>rere</span> <span class='ocrx_word' id='word_1_306' title='bbox 1091 1270 1272 1303; x_wconf 87' lang='lat' dir='ltr'>videatur.</span> <span class='ocrx_word' id='word_1_307' title='bbox 1316 1271 1402 1305; x_wconf 86' lang='lat' dir='ltr'>Vid.</span> <span class='ocrx_word' id='word_1_308' title='bbox 1422 1271 1582 1305; x_wconf 81' lang='lat' dir='ltr'>Broukh.</span> <span class='ocrx_word' id='word_1_309' title='bbox 1597 1271 1644 1304; x_wconf 83' lang='lat' dir='ltr'>ad</span> <span class='ocrx_word' id='word_1_310' title='bbox 1654 1271 1719 1305; x_wconf 77' lang='lat' dir='ltr'>&#39;ri-</span> 
     </span>
     <span class='ocr_line' id='line_1_54' title="bbox 984 1324 1285 1368; baseline 0.007 -11"><span class='ocrx_word' id='word_1_311' title='bbox 984 1324 1072 1357; x_wconf 89' lang='lat' dir='ltr'>bull.</span> <span class='ocrx_word' id='word_1_312' title='bbox 1098 1328 1148 1368; x_wconf 84' lang='grc' dir='ltr'>ΙΙ,</span> <span class='ocrx_word' id='word_1_313' title='bbox 1171 1327 1207 1368; x_wconf 90' lang='grc'>6,</span> <span class='ocrx_word' id='word_1_314' title='bbox 1230 1327 1285 1359; x_wconf 75' lang='lat'>22.</span> 
     </span>
    </p>
   </div>
   <div class='ocr_carea' id='block_1_13' title="bbox 978 1390 1719 2709">
    <p class='ocr_par' dir='ltr' id='par_1_16' title="bbox 978 1390 1719 2709">
     <span class='ocr_line' id='line_1_55' title="bbox 1027 1390 1718 1434; baseline 0.006 -12"><span class='ocrx_word' id='word_1_315' title='bbox 1027 1391 1059 1422; x_wconf 85' lang='grc'>7.</span> <span class='ocrx_word' id='word_1_316' title='bbox 1082 1390 1166 1424; x_wconf 84' lang='lat' dir='ltr'>Nec</span> <span class='ocrx_word' id='word_1_317' title='bbox 1187 1392 1354 1434; x_wconf 79' lang='lat' dir='ltr'>spatium</span> <span class='ocrx_word' id='word_1_318' title='bbox 1376 1401 1446 1426; x_wconf 82' lang='lat' dir='ltr'>nec</span> <span class='ocrx_word' id='word_1_319' title='bbox 1465 1401 1580 1426; x_wconf 75' lang='lat' dir='ltr'>mens.</span> <span class='ocrx_word' id='word_1_320' title='bbox 1603 1393 1718 1426; x_wconf 83' lang='lat' dir='ltr'>Hein-</span> 
     </span>
     <span class='ocr_line' id='line_1_56' title="bbox 983 1440 1719 1492; baseline 0.004 -14"><span class='ocrx_word' id='word_1_321' title='bbox 983 1446 1058 1479; x_wconf 92' lang='lat' dir='ltr'>sius</span> <span class='ocrx_word' id='word_1_322' title='bbox 1083 1456 1162 1480; x_wconf 91' lang='lat' dir='ltr'>cum</span> <span class='ocrx_word' id='word_1_323' title='bbox 1185 1450 1313 1490; x_wconf 87' lang='lat' dir='ltr'>paucis</span> <span class='ocrx_word' id='word_1_324' title='bbox 1337 1450 1441 1482; x_wconf 87' lang='lat' dir='ltr'>codd.</span> <span class='ocrx_word' id='word_1_325' title='bbox 1469 1440 1562 1483; x_wconf 69' lang='lat' dir='ltr'>suis:</span> <span class='ocrx_word' id='word_1_326' title='bbox 1593 1449 1719 1492; x_wconf 69' lang='lat' dir='ltr'>Bar-b„</span> 
     </span>
     <span class='ocr_line' id='line_1_57' title="bbox 983 1502 1718 1547; baseline 0.007 -14"><span class='ocrx_word' id='word_1_327' title='bbox 983 1502 1150 1545; x_wconf 87' lang='lat' dir='ltr'>Pirckh.,</span> <span class='ocrx_word' id='word_1_328' title='bbox 1179 1504 1292 1547; x_wconf 59' lang='lat' dir='ltr'>Reg„</span> <span class='ocrx_word' id='word_1_329' title='bbox 1323 1504 1419 1537; x_wconf 84' lang='lat' dir='ltr'>Gall.</span> <span class='ocrx_word' id='word_1_330' title='bbox 1426 1525 1442 1547; x_wconf 88' lang='lat'>,</span> <span class='ocrx_word' id='word_1_331' title='bbox 1472 1506 1568 1538; x_wconf 86' lang='lat' dir='ltr'>Mor.</span> <span class='ocrx_word' id='word_1_332' title='bbox 1598 1507 1635 1538; x_wconf 82' lang='lat' dir='ltr'>et</span> <span class='ocrx_word' id='word_1_333' title='bbox 1662 1505 1718 1538; x_wconf 83' lang='lat' dir='ltr'>IV</span> 
     </span>
     <span class='ocr_line' id='line_1_58' title="bbox 983 1558 1717 1603; baseline 0.004 -14"><span class='ocrx_word' id='word_1_334' title='bbox 983 1558 1081 1600; x_wconf 86' lang='lat' dir='ltr'>aliis,</span> <span class='ocrx_word' id='word_1_335' title='bbox 1107 1559 1235 1599; x_wconf 83' lang='lat' dir='ltr'>quibus</span> <span class='ocrx_word' id='word_1_336' title='bbox 1257 1560 1440 1592; x_wconf 84' lang='lat' dir='ltr'>accedunt</span> <span class='ocrx_word' id='word_1_337' title='bbox 1468 1559 1605 1603; x_wconf 77' lang='lat' dir='ltr'>Guelf„</span> <span class='ocrx_word' id='word_1_338' title='bbox 1632 1561 1717 1603; x_wconf 78' lang='lat' dir='ltr'>Seg.</span> 
     </span>
     <span class='ocr_line' id='line_1_59' title="bbox 983 1613 1718 1657; baseline 0.007 -14"><span class='ocrx_word' id='word_1_339' title='bbox 983 1614 1021 1644; x_wconf 88' lang='lat' dir='ltr'>et</span> <span class='ocrx_word' id='word_1_340' title='bbox 1043 1613 1098 1644; x_wconf 91' lang='lat' dir='ltr'>ed.</span> <span class='ocrx_word' id='word_1_341' title='bbox 1122 1614 1277 1657; x_wconf 81' lang='lat' dir='ltr'>Bonon„</span> <span class='ocrx_word' id='word_1_342' title='bbox 1298 1615 1394 1647; x_wconf 83' lang='lat' dir='ltr'>male</span> <span class='ocrx_word' id='word_1_343' title='bbox 1417 1615 1515 1647; x_wconf 83' lang='lat' dir='ltr'>dedit</span> <span class='ocrx_word' id='word_1_344' title='bbox 1532 1624 1601 1648; x_wconf 84' lang='lat' dir='ltr'>nec</span> <span class='ocrx_word' id='word_1_345' title='bbox 1613 1623 1718 1648; x_wconf 77' lang='lat' dir='ltr'>mens</span> 
     </span>
     <span class='ocr_line' id='line_1_60' title="bbox 982 1667 1716 1711; baseline 0.007 -12"><span class='ocrx_word' id='word_1_346' title='bbox 982 1675 1051 1700; x_wconf 80' lang='lat' dir='ltr'>nec</span> <span class='ocrx_word' id='word_1_347' title='bbox 1061 1667 1238 1710; x_wconf 78' lang='lat' dir='ltr'>spatium.</span> <span class='ocrx_word' id='word_1_348' title='bbox 1261 1670 1535 1703; x_wconf 86' lang='lat' dir='ltr'>Restituendum</span> <span class='ocrx_word' id='word_1_349' title='bbox 1546 1679 1615 1704; x_wconf 83' lang='lat' dir='ltr'>nec</span> <span class='ocrx_word' id='word_1_350' title='bbox 1627 1679 1716 1711; x_wconf 77' lang='lat' dir='ltr'>spa·</span> 
     </span>
     <span class='ocr_line' id='line_1_61' title="bbox 984 1722 1717 1768; baseline 0.005 -13"><span class='ocrx_word' id='word_1_351' title='bbox 984 1722 1078 1756; x_wconf 74' lang='lat' dir='ltr'>tium</span> <span class='ocrx_word' id='word_1_352' title='bbox 1099 1732 1169 1756; x_wconf 83' lang='lat' dir='ltr'>nec</span> <span class='ocrx_word' id='word_1_353' title='bbox 1189 1733 1306 1768; x_wconf 76' lang='lat' dir='ltr'>mem,</span> <span class='ocrx_word' id='word_1_354' title='bbox 1338 1734 1445 1768; x_wconf 81' lang='lat' dir='ltr'>quum</span> <span class='ocrx_word' id='word_1_355' title='bbox 1466 1725 1534 1758; x_wconf 83' lang='lat' dir='ltr'>illa</span> <span class='ocrx_word' id='word_1_356' title='bbox 1556 1726 1717 1768; x_wconf 80' lang='lat' dir='ltr'>torpue-</span> 
     </span>
     <span class='ocr_line' id='line_1_62' title="bbox 982 1780 1718 1823; baseline 0.001 -12"><span class='ocrx_word' id='word_1_357' title='bbox 982 1780 1247 1813; x_wconf 83' lang='lat' dir='ltr'>rant—mora</span> <span class='ocrx_word' id='word_1_358' title='bbox 1278 1789 1348 1823; x_wconf 87' lang='lat' dir='ltr'>pro</span> <span class='ocrx_word' id='word_1_359' title='bbox 1382 1781 1611 1823; x_wconf 84' lang='lat' dir='ltr'>expositione</span> <span class='ocrx_word' id='word_1_360' title='bbox 1643 1780 1718 1813; x_wconf 82' lang='lat' dir='ltr'>sint</span> 
     </span>
     <span class='ocr_line' id='line_1_63' title="bbox 983 1835 1716 1878; baseline -0.003 -9"><span class='ocrx_word' id='word_1_361' title='bbox 983 1837 1181 1869; x_wconf 87' lang='lat' dir='ltr'>verborum</span> <span class='ocrx_word' id='word_1_362' title='bbox 1202 1845 1272 1870; x_wconf 84' lang='lat' dir='ltr'>nec</span> <span class='ocrx_word' id='word_1_363' title='bbox 1293 1837 1408 1878; x_wconf 76' lang='lat' dir='ltr'>mens,</span> <span class='ocrx_word' id='word_1_364' title='bbox 1432 1836 1493 1878; x_wconf 81' lang='lat' dir='ltr'>qui</span> <span class='ocrx_word' id='word_1_365' title='bbox 1513 1835 1716 1869; x_wconf 81' lang='lat' dir='ltr'>sententia-</span> 
     </span>
     <span class='ocr_line' id='line_1_64' title="bbox 983 1892 1715 1935; baseline -0.003 -11"><span class='ocrx_word' id='word_1_366' title='bbox 983 1899 1063 1924; x_wconf 87' lang='lat' dir='ltr'>rum</span> <span class='ocrx_word' id='word_1_367' title='bbox 1086 1900 1223 1935; x_wconf 87' lang='lat' dir='ltr'>nexus,</span> <span class='ocrx_word' id='word_1_368' title='bbox 1251 1892 1286 1926; x_wconf 89' lang='lat' dir='ltr'>si</span> <span class='ocrx_word' id='word_1_369' title='bbox 1314 1900 1384 1925; x_wconf 81' lang='lat' dir='ltr'>nec</span> <span class='ocrx_word' id='word_1_370' title='bbox 1405 1900 1510 1924; x_wconf 75' lang='lat' dir='ltr'>mens</span> <span class='ocrx_word' id='word_1_371' title='bbox 1531 1899 1601 1923; x_wconf 84' lang='lat' dir='ltr'>nec</span> <span class='ocrx_word' id='word_1_372' title='bbox 1620 1898 1715 1933; x_wconf 74' lang='lat' dir='ltr'>spa-</span> 
     </span>
     <span class='ocr_line' id='line_1_65' title="bbox 984 1946 1716 1990; baseline 0 -12"><span class='ocrx_word' id='word_1_373' title='bbox 984 1946 1077 1979; x_wconf 77' lang='lat' dir='ltr'>tium</span> <span class='ocrx_word' id='word_1_374' title='bbox 1098 1949 1288 1990; x_wconf 85' lang='lat' dir='ltr'>scribitur,</span> <span class='ocrx_word' id='word_1_375' title='bbox 1309 1947 1533 1989; x_wconf 79' lang='lat' dir='ltr'>interpositis</span> <span class='ocrx_word' id='word_1_376' title='bbox 1550 1947 1625 1980; x_wconf 88' lang='lat' dir='ltr'>illis</span> <span class='ocrx_word' id='word_1_377' title='bbox 1646 1952 1716 1978; x_wconf 82' lang='lat' dir='ltr'>nec</span> 
     </span>
     <span class='ocr_line' id='line_1_66' title="bbox 982 2000 1714 2044; baseline 0 -12"><span class='ocrx_word' id='word_1_378' title='bbox 982 2001 1159 2044; x_wconf 76' lang='lat' dir='ltr'>spatium,</span> <span class='ocrx_word' id='word_1_379' title='bbox 1183 2004 1363 2036; x_wconf 86' lang='lat' dir='ltr'>turbatur.</span> <span class='ocrx_word' id='word_1_380' title='bbox 1407 2004 1527 2043; x_wconf 77' lang='lat' dir='ltr'>Atque</span> <span class='ocrx_word' id='word_1_381' title='bbox 1539 2002 1592 2034; x_wconf 83' lang='lat' dir='ltr'>ita</span> <span class='ocrx_word' id='word_1_382' title='bbox 1609 2000 1714 2033; x_wconf 83' lang='lat' dir='ltr'>exiii-</span> 
     </span>
     <span class='ocr_line' id='line_1_67' title="bbox 982 2055 1714 2099; baseline -0.003 -10"><span class='ocrx_word' id='word_1_383' title='bbox 982 2057 1069 2090; x_wconf 86' lang='lat' dir='ltr'>bent</span> <span class='ocrx_word' id='word_1_384' title='bbox 1099 2067 1179 2091; x_wconf 88' lang='lat' dir='ltr'>cum</span> <span class='ocrx_word' id='word_1_385' title='bbox 1209 2060 1299 2091; x_wconf 88' lang='lat' dir='ltr'>vett.</span> <span class='ocrx_word' id='word_1_386' title='bbox 1321 2058 1416 2099; x_wconf 82' lang='lat' dir='ltr'>edd„</span> <span class='ocrx_word' id='word_1_387' title='bbox 1436 2058 1587 2098; x_wconf 87' lang='lat' dir='ltr'>praeter</span> <span class='ocrx_word' id='word_1_388' title='bbox 1609 2055 1714 2088; x_wconf 84' lang='lat' dir='ltr'>Leid.</span> 
     </span>
     <span class='ocr_line' id='line_1_68' title="bbox 981 2110 1713 2154; baseline -0.005 -9"><span class='ocrx_word' id='word_1_389' title='bbox 981 2113 1040 2154; x_wconf 88' lang='lat' dir='ltr'>qui</span> <span class='ocrx_word' id='word_1_390' title='bbox 1068 2121 1138 2145; x_wconf 83' lang='lat' dir='ltr'>nec</span> <span class='ocrx_word' id='word_1_391' title='bbox 1165 2112 1332 2154; x_wconf 78' lang='lat' dir='ltr'>spatium</span> <span class='ocrx_word' id='word_1_392' title='bbox 1352 2110 1487 2154; x_wconf 80' lang='lat' dir='ltr'>fuerat</span> <span class='ocrx_word' id='word_1_393' title='bbox 1507 2118 1576 2143; x_wconf 80' lang='lat' dir='ltr'>nec</span> <span class='ocrx_word' id='word_1_394' title='bbox 1597 2111 1713 2152; x_wconf 77' lang='lat' dir='ltr'>mens,</span> 
     </span>
     <span class='ocr_line' id='line_1_69' title="bbox 980 2167 1532 2216; baseline -0.004 -16"><span class='ocrx_word' id='word_1_395' title='bbox 980 2167 1127 2216; x_wconf 77' lang='lat' dir='ltr'>plurimi</span> <span class='ocrx_word' id='word_1_396' title='bbox 1175 2170 1214 2201; x_wconf 86' lang='lat' dir='ltr'>et</span> <span class='ocrx_word' id='word_1_397' title='bbox 1257 2167 1383 2209; x_wconf 78' lang='lat' dir='ltr'>optimi</span> <span class='ocrx_word' id='word_1_398' title='bbox 1427 2167 1532 2199; x_wconf 90' lang='lat' dir='ltr'>codd.</span> 
     </span>
     <span class='ocr_line' id='line_1_70' title="bbox 979 2220 1712 2264; baseline -0.005 -8"><span class='ocrx_word' id='word_1_399' title='bbox 979 2232 1094 2264; x_wconf 89' lang='lat' dir='ltr'>porro</span> <span class='ocrx_word' id='word_1_400' title='bbox 1117 2223 1212 2256; x_wconf 88' lang='lat' dir='ltr'>idem</span> <span class='ocrx_word' id='word_1_401' title='bbox 1234 2223 1400 2256; x_wconf 82' lang='lat' dir='ltr'>Heinsius</span> <span class='ocrx_word' id='word_1_402' title='bbox 1431 2230 1453 2255; x_wconf 86' lang='lat' dir='ltr'>e</span> <span class='ocrx_word' id='word_1_403' title='bbox 1474 2221 1582 2254; x_wconf 84' lang='lat' dir='ltr'>Barb.</span> <span class='ocrx_word' id='word_1_404' title='bbox 1605 2221 1643 2253; x_wconf 81' lang='lat' dir='ltr'>et</span> <span class='ocrx_word' id='word_1_405' title='bbox 1663 2220 1712 2253; x_wconf 73' lang='lat' dir='ltr'>fr.</span> 
     </span>
     <span class='ocr_line' id='line_1_71' title="bbox 978 2276 1712 2321; baseline -0.004 -10"><span class='ocrx_word' id='word_1_406' title='bbox 978 2279 1087 2321; x_wconf 85' lang='lat' dir='ltr'>Rev„</span> <span class='ocrx_word' id='word_1_407' title='bbox 1111 2278 1235 2320; x_wconf 84' lang='lat' dir='ltr'>quibus</span> <span class='ocrx_word' id='word_1_408' title='bbox 1258 2286 1357 2311; x_wconf 81' lang='lat' dir='ltr'>nunc</span> <span class='ocrx_word' id='word_1_409' title='bbox 1378 2279 1559 2311; x_wconf 80' lang='lat' dir='ltr'>accedunt</span> <span class='ocrx_word' id='word_1_410' title='bbox 1571 2276 1652 2310; x_wconf 75' lang='lat' dir='ltr'>Bel.</span> <span class='ocrx_word' id='word_1_411' title='bbox 1673 2277 1712 2309; x_wconf 75' lang='lat' dir='ltr'>et</span> 
     </span>
     <span class='ocr_line' id='line_1_72' title="bbox 980 2333 1711 2377; baseline -0.004 -9"><span class='ocrx_word' id='word_1_412' title='bbox 980 2335 1101 2368; x_wconf 77' lang='lat' dir='ltr'>Guelf.</span> <span class='ocrx_word' id='word_1_413' title='bbox 1127 2333 1309 2377; x_wconf 76' lang='lat' dir='ltr'>fuerant.-</span> <span class='ocrx_word' id='word_1_414' title='bbox 1339 2333 1494 2375; x_wconf 84' lang='lat' dir='ltr'>pluralis</span> <span class='ocrx_word' id='word_1_415' title='bbox 1523 2333 1618 2366; x_wconf 86' lang='lat' dir='ltr'>enim</span> <span class='ocrx_word' id='word_1_416' title='bbox 1645 2339 1711 2364; x_wconf 76' lang='lat' dir='ltr'>re-</span> 
     </span>
     <span class='ocr_line' id='line_1_73' title="bbox 979 2389 1710 2430; baseline -0.007 -7"><span class='ocrx_word' id='word_1_417' title='bbox 979 2392 1115 2423; x_wconf 81' lang='lat' dir='ltr'>vocata</span> <span class='ocrx_word' id='word_1_418' title='bbox 1148 2391 1278 2422; x_wconf 85' lang='lat' dir='ltr'>vetere</span> <span class='ocrx_word' id='word_1_419' title='bbox 1309 2389 1496 2430; x_wconf 83' lang='lat' dir='ltr'>scriptura</span> <span class='ocrx_word' id='word_1_420' title='bbox 1525 2394 1596 2419; x_wconf 83' lang='lat' dir='ltr'>nec</span> <span class='ocrx_word' id='word_1_421' title='bbox 1617 2393 1710 2428; x_wconf 75' lang='lat' dir='ltr'>spa—</span> 
     </span>
     <span class='ocr_line' id='line_1_74' title="bbox 979 2440 1710 2485; baseline -0.007 -7"><span class='ocrx_word' id='word_1_422' title='bbox 979 2445 1070 2478; x_wconf 78' lang='lat' dir='ltr'>tium</span> <span class='ocrx_word' id='word_1_423' title='bbox 1092 2453 1161 2476; x_wconf 83' lang='lat' dir='ltr'>nec</span> <span class='ocrx_word' id='word_1_424' title='bbox 1183 2451 1286 2476; x_wconf 83' lang='lat' dir='ltr'>mens</span> <span class='ocrx_word' id='word_1_425' title='bbox 1307 2443 1451 2476; x_wconf 88' lang='lat' dir='ltr'>minime</span> <span class='ocrx_word' id='word_1_426' title='bbox 1468 2451 1559 2485; x_wconf 83' lang='lat' dir='ltr'>opus</span> <span class='ocrx_word' id='word_1_427' title='bbox 1572 2442 1642 2484; x_wconf 81' lang='lat' dir='ltr'>est,</span> <span class='ocrx_word' id='word_1_428' title='bbox 1655 2440 1710 2473; x_wconf 79' lang='lat' dir='ltr'>si-</span> 
     </span>
     <span class='ocr_line' id='line_1_75' title="bbox 979 2495 1709 2542; baseline -0.011 -8"><span class='ocrx_word' id='word_1_429' title='bbox 979 2510 1026 2534; x_wconf 87' lang='lat' dir='ltr'>ve</span> <span class='ocrx_word' id='word_1_430' title='bbox 1056 2499 1152 2533; x_wconf 78' lang='lat' dir='ltr'>satis</span> <span class='ocrx_word' id='word_1_431' title='bbox 1181 2501 1276 2542; x_wconf 79' lang='lat' dir='ltr'>apta</span> <span class='ocrx_word' id='word_1_432' title='bbox 1306 2508 1374 2542; x_wconf 89' lang='lat' dir='ltr'>pro</span> <span class='ocrx_word' id='word_1_433' title='bbox 1403 2497 1625 2531; x_wconf 84' lang='lat' dir='ltr'>nominativo</span> <span class='ocrx_word' id='word_1_434' title='bbox 1655 2495 1709 2527; x_wconf 85' lang='lat' dir='ltr'>si-</span> 
     </span>
     <span class='ocr_line' id='line_1_76' title="bbox 979 2552 1709 2598; baseline -0.008 -9"><span class='ocrx_word' id='word_1_435' title='bbox 979 2566 1026 2590; x_wconf 91' lang='lat' dir='ltr'>ve</span> <span class='ocrx_word' id='word_1_436' title='bbox 1054 2565 1123 2598; x_wconf 85' lang='lat' dir='ltr'>pro</span> <span class='ocrx_word' id='word_1_437' title='bbox 1147 2556 1359 2588; x_wconf 86' lang='lat' dir='ltr'>accusativo</span> <span class='ocrx_word' id='word_1_438' title='bbox 1386 2554 1576 2595; x_wconf 82' lang='lat' dir='ltr'>accipitur.</span> <span class='ocrx_word' id='word_1_439' title='bbox 1626 2552 1709 2584; x_wconf 80' lang='lat' dir='ltr'>&#39;De-</span> 
     </span>
     <span class='ocr_line' id='line_1_77' title="bbox 979 2609 1708 2654; baseline -0.008 -9"><span class='ocrx_word' id='word_1_440' title='bbox 979 2614 1088 2654; x_wconf 86' lang='lat' dir='ltr'>nique</span> <span class='ocrx_word' id='word_1_441' title='bbox 1119 2612 1213 2644; x_wconf 86' lang='lat' dir='ltr'>idem</span> <span class='ocrx_word' id='word_1_442' title='bbox 1235 2611 1402 2643; x_wconf 79' lang='lat' dir='ltr'>Heinsius</span> <span class='ocrx_word' id='word_1_443' title='bbox 1431 2617 1478 2642; x_wconf 87' lang='lat' dir='ltr'>ex</span> <span class='ocrx_word' id='word_1_444' title='bbox 1505 2617 1578 2641; x_wconf 91' lang='lat' dir='ltr'>uno</span> <span class='ocrx_word' id='word_1_445' title='bbox 1602 2609 1708 2641; x_wconf 76' lang='lat' dir='ltr'>Serv.</span> 
     </span>
     <span class='ocr_line' id='line_1_78' title="bbox 979 2662 1708 2709; baseline -0.012 -7"><span class='ocrx_word' id='word_1_446' title='bbox 979 2668 1131 2701; x_wconf 86' lang='lat' dir='ltr'>novavit</span> <span class='ocrx_word' id='word_1_447' title='bbox 1151 2665 1330 2709; x_wconf 80' lang='lat' dir='ltr'>paranti,</span> <span class='ocrx_word' id='word_1_448' title='bbox 1354 2666 1450 2707; x_wconf 84' lang='lat' dir='ltr'>quod</span> <span class='ocrx_word' id='word_1_449' title='bbox 1472 2662 1555 2705; x_wconf 74' lang='lat' dir='ltr'>etsI,</span> <span class='ocrx_word' id='word_1_450' title='bbox 1581 2663 1612 2694; x_wconf 88' lang='lat' dir='ltr'>si</span> <span class='ocrx_word' id='word_1_451' title='bbox 1630 2670 1708 2708; x_wconf 61' lang='grc' dir='ltr'>ρῳ-</span> 
     </span>
    </p>
   </div>
   <div class='ocr_carea' id='block_1_14' title="bbox 977 2712 1777 2764">
    <p class='ocr_par' dir='ltr' id='par_1_17' title="bbox 977 2712 1777 2764">
     <span class='ocr_line' id='line_1_79' title="bbox 977 2712 1777 2764; baseline -0.01 -8"><span class='ocrx_word' id='word_1_452' title='bbox 977 2723 1084 2756; x_wconf 69' lang='lat' dir='ltr'>rante·</span> <span class='ocrx_word' id='word_1_453' title='bbox 1117 2731 1184 2764; x_wconf 86' lang='lat' dir='ltr'>pro</span> <span class='ocrx_word' id='word_1_454' title='bbox 1219 2722 1334 2754; x_wconf 88' lang='lat' dir='ltr'>verbe</span> <span class='ocrx_word' id='word_1_455' title='bbox 1365 2712 1497 2753; x_wconf 84' lang='lat' dir='ltr'>neutro</span> <span class='ocrx_word' id='word_1_456' title='bbox 1531 2717 1708 2759; x_wconf 76' lang='lat' dir='ltr'>accipias,</span> <span class='ocrx_word' id='word_1_457' title='bbox 1763 2729 1777 2740; x_wconf 86' lang='lat'><strong>·</strong></span> 
     </span>
    </p>
   </div>
   <div class='ocr_carea' id='block_1_15' title="bbox 977 2772 1708 2875">
    <p class='ocr_par' dir='ltr' id='par_1_18' title="bbox 977 2772 1708 2875">
     <span class='ocr_line' id='line_1_80' title="bbox 977 2772 1706 2819; baseline -0.008 -9"><span class='ocrx_word' id='word_1_458' title='bbox 977 2779 1069 2810; x_wconf 86' lang='lat' dir='ltr'>ferri</span> <span class='ocrx_word' id='word_1_459' title='bbox 1098 2778 1242 2819; x_wconf 87' lang='lat' dir='ltr'>potest,</span> <span class='ocrx_word' id='word_1_460' title='bbox 1266 2779 1384 2809; x_wconf 84' lang='lat' dir='ltr'>tamen</span> <span class='ocrx_word' id='word_1_461' title='bbox 1404 2772 1586 2817; x_wconf 74' lang='lat' dir='ltr'>parandi,</span> <span class='ocrx_word' id='word_1_462' title='bbox 1611 2773 1706 2814; x_wconf 86' lang='lat' dir='ltr'>quod</span> 
     </span>
     <span class='ocr_line' id='line_1_81' title="bbox 978 2826 1708 2875; baseline -0.007 -9"><span class='ocrx_word' id='word_1_463' title='bbox 978 2833 1149 2875; x_wconf 86' lang='lat' dir='ltr'>optimum</span> <span class='ocrx_word' id='word_1_464' title='bbox 1172 2832 1280 2865; x_wconf 78' lang='lat' dir='ltr'>babet</span> <span class='ocrx_word' id='word_1_465' title='bbox 1300 2838 1459 2874; x_wconf 80' lang='lat' dir='ltr'>sensum,</span> <span class='ocrx_word' id='word_1_466' title='bbox 1469 2829 1591 2864; x_wconf 73' lang='lat' dir='ltr'>invitis</span> <span class='ocrx_word' id='word_1_467' title='bbox 1604 2826 1708 2862; x_wconf 71' lang='lat' dir='ltr'>libris</span> 
     </span>
    </p>
   </div>
   <div class='ocr_carea' id='block_1_16' title="bbox 1610 2155 1769 2199">
    <p class='ocr_par' dir='ltr' id='par_1_19' title="bbox 1610 2155 1769 2199">
     <span class='ocr_line' id='line_1_82' title="bbox 1610 2155 1769 2199; baseline -0.013 0"><span class='ocrx_word' id='word_1_468' title='bbox 1610 2165 1714 2199; x_wconf 78' lang='lat' dir='ltr'>Male</span> <span class='ocrx_word' id='word_1_469' title='bbox 1727 2155 1737 2160; x_wconf 41' lang='lat'><em>⁵</em></span> <span class='ocrx_word' id='word_1_470' title='bbox 1767 2167 1769 2169; x_wconf 84' lang='grc'><strong>’</strong></span> 
     </span>
    </p>
   </div>
  </div>
 </body>
</html>
