1846 3146
175 162 274 211 342

418 161 474 210 Ρ.
511 159 734 211 OVIDII
767 161 1084 215 NASONIS
1120 164 1460 229 TRISTIUM

178 282 305 334 Sola
339 298 431 333 nec
465 283 669 332 insidias
703 286 844 346 inter,
881 301 975 335 nec
1008 285 1224 336 Thracia
1255 288 1372 350 tela,

243 366 358 415 Nec
391 382 537 427 mare,
572 382 665 416 nec
699 372 876 417 ventos
909 368 1274 435 barbariamque
1307 374 1455 421 timet.

176 447 288 498 Scit
323 464 529 514 quoque,
568 465 673 498 cum
707 452 846 516 perii,
884 453 991 516 quis
1024 466 1100 504 me
1134 451 1389 519 deceperit
1422 470 1574 516 error,

224 531 310 580 ,Et
346 531 535 598 culpam
568 534 620 580 iu
653 533 801 594 facto,
838 550 935 583 non
969 535 1150 596 sceluS,
1187 550 1300 585 esse
1332 536 1455 586 meo.
1598 596 1601 599 ¹

177 613 389 664 Scilicet
422 614 517 664 hoc
551 618 659 682 ipso
693 632 821 666 nunc
854 632 1023 682 aequa,
1061 618 1192 683 quod
1226 619 1385 669 obfuit
1416 623 1546 681 ante,
1635 622 1702 670 25

247 695 370 747 Cum
404 701 772 750 mecum-iuncti
807 701 1019 766 criminis
1050 706 1162 750 acta
1194 717 1280 752 rea
1311 708 1401 753 est.

178 851 217 881 ut
245 847 282 880 id
311 849 404 889 quod
435 849 519 882 olim
551 852 589 883 et
620 851 734 884 semel
769 852 907 884 factum

176 904 253 947 sit,¹
275 905 378 937 velut
407 913 469 937 res
498 905 577 938 fieri
603 906 714 938 solita
742 907 908 939 enuntie-

180 961 259 1000 tur3
285 961 463 1000 quomodo
487 959 595 992 etiam
624 961 794 994 Germani
817 962 908 994 dici-

177 1022 272 1046 mus:
295 1013 379 1046 Mir
399 1015 591 1056 ,qewaehrt
614 1014 673 1047 die
688 1014 797 1048 Muse
813 1014 908 1049 Itin-

176 1071 303 1111 druny
313 1093 325 1110 ,
359 1078 466 1102 wenn
488 1069 548 1102 ich
566 1070 606 1102 in
624 1069 683 1103 die
698 1070 908 1113 qeheissene

183 1125 435 1166 Verbanmmq
456 1127 617 1159 wandre
648 1149 904 1160 .......

175 1182 285 1214 Rich.
300 1185 337 1213 et
352 1181 447 1213 Gall.
460 1180 578 1213 iuvat.
613 1181 734 1214 Guelf.
755 1183 792 1214 et
809 1183 906 1215 Gall.

178 1236 268 1270 lira.
317 1235 421 1269 Conf.
451 1246 487 1269 v.
517 1236 570 1269 49.
593 1238 631 1269 et
658 1238 730 1270 vid.
755 1239 824 1282 IV,
847 1239 905 1282 10,

179 1292 254 1326 115.
278 1299 377 1332 seqq.
501 1292 503 1294 ’

218 1357 273 1390 21.
307 1358 457 1399 Franc.,
479 1358 637 1400 Bersm.,
667 1358 773 1402 Reg.,
795 1361 906 1404 Mon,

177 1414 261 1454 Seg.
273 1415 310 1445 et
321 1414 400 1445 Put.
413 1411 570 1444 insidias
581 1411 683 1445 inter
699 1421 767 1445 nec
780 1413 907 1447 Thra-

175 1467 238 1499 cia
271 1469 350 1500 tela
358 1491 373 1510 ‚
413 1468 483 1501 nisi
514 1469 610 1509 quod
632 1469 711 1501 Put.
743 1469 908 1502 Treicia.

136 1525 146 1537 ’
174 1525 250 1556 Pal.
275 1524 322 1567 1.,
353 1523 464 1566 Busl.,
495 1524 664 1565 Pii-clm„
694 1525 732 1556 et
761 1525 835 1557 V11
865 1533 909 1557 a-

176 1580 217 1612 lii
245 1580 366 1612 Heius.
397 1580 436 1611 et
465 1578 573 1612 Crev.
596 1578 706 1612 insid.
735 1578 910 1623 interque

181 1624 335 1666 Treicia
357 1635 447 1677 tela,
470 1635 540 1668 nisi
562 1637 657 1676 quod
681 1635 789 1670 Crev.
806 1636 909 1669 Tra-

173 1689 285 1722 hicia.
322 1692 422 1723 Unus
439 1690 560 1722 Heius.
583 1689 691 1722 intra
708 1699 777 1723 nec
787 1691 908 1724 Thre-

172 1743 251 1776 icia
270 1745 358 1777 tela.
381 1747 488 1778 Bern.
501 1744 660 1777 insidias
677 1745 779 1779 inter
795 1747 907 1780 Trei-

175 1798 238 1830 οἱα
273 1801 362 1832 tela.
428 1801 551 1833 Berol.
587 1800 745 1834 insidias
775 1801 907 1834 militis

180 1852 335 1886 Treicia
350 1855 439 1887 tela.
461 1857 568 1888 Serv.
589 1855 748 1889 insidias
770 1849 907 1890 Threi-

173 1907 236 1940 cia
255 1909 343 1940 tela.
388 1911 486 1942 Unus
503 1911 626 1944 Heius.
643 1911 714 1944 ins.
733 1910 907 1954 interque

170 1955 314 1995 irentia
341 1963 428 1996 tela.
451 1992 453 1996 ,
474 1966 578 1998 Alius
607 1966 677 1999 ins.
700 1966 803 2000 inter
828 1968 906 2008 Ty-

175 2018 322 2052 rinbkia
357 2018 446 2051 tela.
499 2019 627 2053 Dresd.
649 2020 808 2054 insidias
835 2022 914 2055 ho-.

171 2073 313 2106 nanum
341 2082 410 2107 nec
443 2074 612 2108 Thracia
635 2076 724 2117 tela,
748 2078 813 2109 sed
836 2086 905 2118 pro

174 2139 210 2162 v.
233 2139 306 2162 scr.
329 2128 489 2162 insidias
517 2129 653 2163 horret
678 2140 746 2164 nec
772 2131 906 2165 militis

173 2193 306 2217 ensem.
359 2187 437 2218 Iun.
458 2184 528 2219 ins.
558 2185 661 2218 inter
690 2187 748 2220 tot
774 2187 906 2221 militis

173 2249 288 2273 enses.
338 2243 439 2275 Unus
466 2241 536 2274 ins.
565 2240 644 2274 sevi
671 2250 741 2277 nec
771 2242 906 2276 militis

173 2305 307 2329 ensem.
354 2298 457 2331 Alius
486 2297 556 2331 ins.
585 2307 654 2331 nec
675 2297 754 2332 diri
773 2297 907 2331 militis

175 2361 309 2384 ensem.
376 2354 484 2386 Barb.
517 2356 555 2387 et
590 2355 671 2388 Rel.
701 2354 771 2388 ins.
803 2354 906 2388 inter

107 2434 116 2440 .
172 2407 347 2441 crudelia
368 2410 454 2442 tela.
498 2410 588 2443 Exc.
611 2411 719 2444 Voss.
741 2410 811 2443 ins.
834 2411 905 2443 Ιιο-

171 2461 312 2495 minum
345 2472 414 2496 nec
446 2463 581 2498 militis
613 2474 745 2499 ensem.
805 2467 921 2502 vett..

172 2520 253 2551 edd.
285 2518 354 2551 ins.
383 2519 487 2552 inter
519 2529 589 2554 nec
616 2521 748 2555 militis
771 2531 903 2555 ensem,

172 2575 271 2608 Duas
300 2575 411 2616 igitur
442 2578 597 2618 apparet
625 2585 707 2610 esse
738 2582 905 2612 veterum

170 2630 347 2663 librorum
384 2633 561 2674 familias,
601 2642 751 2674 quarum
785 2635 905 2668 altera

173 2686 319 2718 tueatur
341 2685 502 2719 insidias
523 2686 626 2719 inter
647 2698 716 2722 nec
737 2687 906 2722 Thracia

171 2741 262 2783 tela,
286 2743 408 2775 altera
429 2741 540 2775 insid.
563 2742 665 2776 inter
686 2753 755 2777 nec
774 2742 905 2776 militis

173 2805 309 2839 ensem,
333 2806 483 2839 quarum
513 2800 631 2831 tamen
661 2799 765 2840 prior
787 2799 904 2831 maio-

171 2859 247 2885 rem
269 2853 378 2886 habet
394 2853 666 2897 auctoritatem,
678 2855 800 2896 aptior
812 2863 903 2896 quo-

973 858 1043 892 que
1070 851 1256 892 scriptura
1287 851 1456 885 Thracia
1479 854 1575 901 peltz,
1598 862 1702 896 quam

973 903 1105 936 militis
1126 913 1259 947 ensem,
1282 909 1422 952 quando
1446 909 1594 942 militum
1616 910 1701 942 nul-

973 959 1031 992 lus
1054 963 1170 993 metus
1199 963 1233 995 ei
1268 964 1364 1006 erat,
1396 965 1435 996 at
1463 965 1639 997 Thracum
1665 967 1701 996 et

974 1014 1188 1058 barborum
1221 1017 1342 1059 itaque
1371 1019 1464 1051 hanc
1485 1019 1702 1061 scripturam

973 1073 1193 1111 sequendam
1215 1073 1352 1113 putavi.
1390 1074 1524 1106 Sensus
1543 1077 1614 1107 est:
1636 1083 1701 1106 so-

973 1125 1015 1157 la
1037 1134 1105 1157 nec
1126 1125 1283 1166 insidias
1304 1127 1407 1160 inter
1426 1127 1543 1174 gimel,
1558 1137 1627 1161 nec
1649 1128 1701 1160 ti-

973 1181 1050 1212 met
1074 1181 1249 1214 Thracia·
1263 1182 1353 1224 tela,
1381 1191 1450 1215 nec
1477 1192 1597 1226 mare,
1631 1185 1698 1217 etc.

973 1244 1065 1278 quae
1087 1238 1206 1270 oratio
1237 1239 1306 1270 etsi
1333 1239 1459 1279 paullo
1483 1239 1701 1273 insolentior

972 1294 1043 1334 est,
1066 1294 1185 1325 tamen
1205 1293 1295 1326 satis
1316 1294 1448 1327 Latina
1470 1296 1536 1327 est.
1572 1295 1701 1327 ·11ein-
1747 1288 1753 1292 ’

970 1347 1046 1380 sius
1076 1349 1174 1382 dedit
1202 1357 1224 1381 e
1254 1348 1451 1382 Combiano
1483 1350 1563 1382 sive
1584 1351 1701 1384 Dres-

973 1403 1092 1436 densi:
1272 1410 1273 1413 ’

1040 1464 1113 1494 Sola
1130 1473 1189 1494 nec
1210 1465 1337 1496 insidias
1362 1467 1515 1496 hominum
1531 1475 1589 1497 nec
1605 1469 1701 1498 Thra-

1373 1512 1421 1541 cia
1438 1513 1509 1541 tela.

973 1578 1122 1612 Merkel
1145 1578 1392 1615 coniecturam
1413 1590 1515 1615 suam
1527 1582 1624 1615 dedit
1633 1590 1702 1623 pa-

973 1643 1053 1668 rum
1075 1635 1316 1677 probabilem:

1039 1709 1114 1739 Sola
1147 1717 1205 1739 nec
1237 1709 1376 1744 insidias,
1411 1718 1481 1740 nec
1514 1711 1610 1748 iter,
1644 1721 1703 1742 nec

1370 1755 1498 1784 Thracia
1515 1757 1588 1786 tela.

973 1821 1028 1854 De
1047 1819 1197 1877 insidiis
1219 1824 1314 1855 conf.
1338 1825 1378 1866 Ι,
1408 1823 1465 1866 11,
1494 1824 1549 1856 2⁷.
1573 1826 1611 1857 et
1632 1824 1702 1867 IV,

974 1876 1032 1919 10,
1054 1876 1130 1909 101.
1185 1877 1373 1921 Thracia,
1401 1887 1483 1912 nam
1512 1880 1703 1913 Thraciam

971 1933 1071 1965 Naso
1094 1934 1228 1966 Tomos
1256 1935 1492 1975 proficiscens
1520 1942 1702 1977 peragra-

971 1990 1091 2020 verat.
1135 1989 1218 2022 Vid.
1240 1991 1287 2022 ad
1309 1992 1343 2032 Ι,
1366 1990 1418 2023 lo.

1014 2065 1068 2097 22.
1100 2055 1418 2108 Barbariamqae.
1461 2069 1519 2099 Ita
1536 2069 1640 2101 codd.
1664 2069 1702 2101 et

970 2119 1114 2160 plurimi
1135 2122 1172 2152 et
1188 2121 1358 2154 meliores
1377 2122 1557 2164 plerique.
1581 2125 1703 2164 Rern„

972 2175 1107 2217 Guelf„
1131 2175 1243 2217 Busl„
1266 2177 1350 2218 Seg.
1374 2179 1411 2210 et
1433 2179 1540 2219 pauci
1558 2178 1702 2211 barba—-

970 2228 1147 2272 riemque.
1193 2232 1274 2265 Vid.
1297 2241 1332 2264 v.
1346 2233 1399 2265 34.
1411 2236 1448 2266 et
1463 2235 1508 2266 ad
1521 2236 1588 2276 ΙΙΙ,
1602 2234 1658 2277 11,
1670 2234 1701 2268 4.

1014 2307 1069 2340 23.
1105 2306 1205 2347 Quis.
1256 2311 1311 2342 111
1343 2311 1466 2344 Heius.
1495 2310 1570 2353 qui.
1615 2312 1700 2345 Vid.

971 2363 1041 2405 IV,
1066 2363 1123 2406 10,
1147 2363 1178 2396 1.
1624 2397 1626 2399 ,

1016 2418 1160 2453 Error.
1205 2418 1288 2452 vid.
1312 2421 1359 2453 ad
1380 2422 1412 2463 Ι,
1430 2422 1468 2466 2,
1480 2423 1590 2457 99.--
1604 2425 1700 2458 Gau.

971 2473 1187 2516 deceperat.

1014 2553 1069 2585 25.
1101 2553 1268 2587 scilicet.
1305 2554 1399 2588 vid.
1422 2556 1468 2587 aa
1493 2556 1544 2597 11,
1569 2542 1701 2587 10⁷2—

970 2609 1063 2652 Iun.‚
1087 2611 1188 2653 seg„
1211 2610 1331 2642 Berol.
1355 2611 1392 2642 et
1414 2611 1467 2642 ΙΙΙ
1483 2610 1602 2642 Heius.
1625 2617 1701 2641 non

972 2672 1104 2706 aequa.
1148 2666 1214 2699 Ed.
1237 2674 1293 2706 pr.
1315 2664 1398 2706 ipso
1421 2665 1486 2698 est*
1497 2673 1700 2707 aequaque.

1013 2743 1068 2775 26.
1093 2742 1230 2775 lancti.
1248 2745 1332 2776 vat.
1346 2743 1391 2786 1.,
1402 2742 1538 2785 1¹01.1.,
1547 2732 1700 2785 ‘nm-sm,

971 2797 1067 2830 Gall.
1099 2799 1136 2830 et
1163 2800 1197 2831 X
1226 2799 1290 2831 alii
1312 2799 1454 2841 nefins„
1482 2798 1604 2831 Berol.
1627 2798 1699 2830 ad-

970 2852 1096 2886 iuncti.
1140 2855 1346 2898 Pei-peram.
1390 2853 1472 2888 Vid.
1490 2853 1536 2886 ad
1556 2854 1607 2896 11,
1621 2853 1697 2887 498.
