1846 3146
154 175 252 224 252

397 175 454 225 Ρ.
483 174 715 226 ὈνΙΒΠ
748 175 1061 228 NASONIS
1094 178 1439 231 TRISTIUM

153 294 216 345 Si
246 300 404 345 tamen
437 298 662 364 implevit
690 313 797 348 mea
829 314 955 361 sors,
992 300 1112 366 quos
1150 301 1332 364 debuit,
1367 318 1535 364 annoS,

219 379 287 428 Et
319 379 434 427 mihi
467 380 674 430 vivendi
708 386 803 431 tam
837 383 935 432 cito
970 383 1079 432 finis
1113 384 1287 450 adest:

1608 384 1674 435 30

151 461 388 522 Quantum
423 467 542 523 erat,
579 478 609 512 o
643 466 819 528 magni,
854 468 1083 516 morituro
1118 483 1338 534 parcere,
1373 467 1503 530 divi3

219 545 286 594 Ut
319 546 492 595 saltem
525 548 684 611 patria
719 548 1075 599 contumularer
1101 550 1276 599 humo?

150 626 253 677 Vel
286 644 446 695 poena
479 631 530 678 in
563 636 750 696 tempus
782 633 951 680 mortis
987 632 1140 683 dilata
1172 633 1372 694 fuisset,

216 711 318 761 Vel
351 714 710 777 praecessisset
741 728 869 762 mors
904 720 1164 780 properata
1196 717 1375 782 fugam.

147 794 348 859 Integer
380 789 519 844 hanc‘
539 796 677 861 potui
709 811 864 862 nuper
896 797 1022 846 bene
1055 796 1267 847 reddere
1299 801 1478 848 vitam:

1596 796 1677 858 *35

213 876 377 926 Exsul
409 881 463 926 ut
495 877 787 940 occiderem,
822 895 951 930 nunc
982 879 1096 933 mihi
1130 882 1234 931 vita
1269 880 1382 931 data
1416 885 1505 932 est.

145 1026 254 1061 etiam
276 1030 382 1062 Rern.
404 1014 545 1071 ¹liquet,
577 1036 598 1061 ο
629 1036 710 1063 car.
716 1052 730 1071 ,
762 1028 880 1073 nobis,

145 1083 241 1124 quod
263 1084 399 1124 primus
421 1085 562 1125 recepit
584 1085 761 1119 Heinsius.
809 1088 879 1119 Be-

145 1139 217 1172 rol.
241 1141 279 1172 et
301 1142 391 1172 vett.
414 1140 493 1171 edd.
507 1138 625 1180 liquet
634 1140 879 1173 haec—tem-

141 1202 256 1235 pora.
316 1195 419 1228 Leid.
450 1193 570 1236 liquet
601 1192 670 1226 hic.
724 1196 801 1228 Pal.
833 1196 878 1239 1.,

146 1249 268 1282 Guelf.
291 1252 329 1282 et
351 1250 483 1292 reliqui
506 1251 610 1283 codd.
623 1258 745 1283 omnes
762 1250 881 1293 liquet

143 1302 227 1347 hoc,
259 1307 355 1346 quod
389 1314 517 1339 verum
539 1307 650 1349 puto,
680 1314 796 1348 neque
819 1310 879 1340 ta-

143 1367 227 1392 men
250 1369 330 1393 cum
345 1361 530 1395 Merkelio
548 1362 764 1404 iungendum
789 1370 878 1395 cen-

143 1423 210 1448 seo
233 1415 304 1448 hoc
326 1416 487 1458 tempus,
517 1416 626 1449 etiam
655 1419 807 1459 propter
828 1419 877 1452 il-

144 1470 210 1503 lud
232 1470 338 1503 nobis
361 1473 456 1513 quod
489 1472 649 1513 pertinet
671 1475 717 1506 ad
740 1473 876 1516 liquet.-

142 1528 209 1559 sed
253 1527 374 1568 posito
420 1531 503 1568 post
546 1526 654 1559 nobis
702 1531 878 1561 commate

145 1585 339 1616 construo:
370 1582 488 1625 liquet
508 1582 578 1614 hoc
609 1582 726 1626 nobis,
750 1583 877 1616 caris-

143 1637 242 1670 sima
265 1639 445 1679 (coniux),
470 1638 613 1680 tempus
635 1647 660 1669 a
683 1638 720 1670 te
743 1661 752 1670 .
777 1661 786 1670 .
813 1662 823 1670 .

187 1694 294 1727 serv.
318 1696 355 1726 et
378 1695 484 1725 Rern.
508 1692 708 1725 carissima
725 1692 877 1726 coniux.

143 1790 152 1796 -
189 1771 243 1803 29.
276 1771 379 1804 Leid.
411 1772 478 1804 sed
518 1772 654 1804 tamen.
721 1771 812 1812 Reg.
845 1768 879 1802 si

144 1834 232 1859 non.
279 1828 356 1859 Iun.
372 1824 565 1867 implerat.
599 1827 738 1858 Bmuz.
773 1825 878 1859 Conf.

143 1883 220 1916 Tib.
245 1885 278 1925 1,
302 1883 337 1924 3,
361 1882 414 1913 53.
439 1884 476 1914 et
505 1883 612 1925 Trist.
642 1884 712 1926 IV,
742 1883 799 1925 10,
823 1884 877 1916 77.

191 1959 244 1992 31.
277 1957 483 1991 Mor-ituro.
534 1960 597 1992 Sic
627 1961 703 1993 Pal.
730 1960 775 2002 1.,
799 1961 877 1993 Gu-

146 2014 226 2061 elf.,
248 2014 343 2055 Put.,
366 2014 513 2056 Franc„
526 2015 630 2056 Reg.,
645 2017 755 2058 Gall„
767 2018 877 2056 Mor„

146 2077 228 2102 exc.
257 2069 384 2110 voss„
413 2068 529 2112 Leid.,
559 2070 649 2103 XIII
677 2072 740 2104 alii
763 2076 799 2104 et
822 2073 877 2103 ed.

146 2134 202 2166 pr.
224 2123 376 2166 Heinsii,
398 2124 521 2167 Rern„
549 2126 669 2158 Berol.
693 2128 730 2158 et
754 2126 878 2169 Crev.,

147 2181 244 2222 quod
274 2187 354 2212 cum
383 2180 569 2213 Merkelio
607 2179 766 2213 dedimus
802 2184 878 2214 tum

145 2238 296 2278 propter
318 2236 446 2268 horum
468 2236 645 2269 librorum
668 2237 875 2270 auctorita-

146 2296 235 2335 tem,
258 2294 332 2325 tum
357 2291 452 2332 quod
465 2291 643 2324 rationem
661 2292 786 2324 fatalis
808 2300 876 2324 ne-

147 2348 346 2390 cessitatis,
375 2355 481 2388 quam
503 2347 535 2378 h.
563 2347 590 2379 1.
619 2349 728 2388 urget
750 2347 877 2390 poeta,

146 2402 349 2436 distinctius
375 2402 549 2434 declaret.
600 2402 745 2444 Reliqui
774 2404 877 2436 codd.

145 2460 184 2491 et
207 2460 299 2491 vett.
323 2459 402 2491 edd.
426 2466 506 2490 cum
529 2458 878 2500 vulgataperituro.

194 2525 383 2565 Quantum
405 2524 503 2566 erat,
515 2525 654 2559 fuisset.
699 2528 787 2560 Met.
808 2528 878 2570 IV,

148 2581 204 2616 74.

214 2634 364 2670 Quantum
399 2635 475 2667 erat,
509 2635 544 2660 ut
577 2632 694 2662 sineres
726 2640 781 2661 nos
815 2636 879 2662 toto

543 2685 670 2712 corpore
690 2677 797 2714 iungi?

192 2750 246 2782 32.
285 2748 335 2781 Ut
355 2749 490 2781 saltem
511 2747 666 2792 patria.
683 2758 713 2789 ..ἡ
737 2755 819 2779 nam
843 2747 878 2780 in

145 2804 341 2845 peregrina
369 2804 517 2844 sepeliri
548 2806 651 2836 terra
683 2803 788 2835 triste
812 2811 878 2835 ve-

146 2859 294 2893 teribus.
355 2859 435 2892 Vid.
471 2861 593 2893 Amor.
624 2861 702 2901 111,
731 2859 772 2902 9,
811 2859 878 2900 47.,

945 1032 1021 1066 trib.
1043 1034 1077 1075 1,
1100 1034 1135 1076 3,
1159 1033 1206 1075 3.,
1229 1030 1335 1074 Virg.
1356 1032 1479 1073 A.1x‚
1496 1029 1586 1073 485„
1600 1030 1674 1063 so-

945 1089 1063 1128 phocl.
1087 1089 1222 1121 Electr.
1244 1097 1281 1120 v.
1305 1086 1403 1134 1126.
1447 1086 1675 1120 Conf.'l¹rist.
1743 1102 1745 1104 -

947 1146 979 1186 1,
1002 1145 1038 1186 2,
1063 1143 1117 1176 ³4.
1141 1160 1184 1166 ·-
1206 1142 1283 1175 Pal.
1306 1142 1338 1176 1.
1360 1142 1398 1175 et
1418 1141 1564 1174 saltem.
1591 1137 1595 1140 ⁴

988 1223 1042 1254 33.
1079 1222 1239 1262 Tempus
1260 1217 1406 1252 mortis.
1451 1221 1510 1252 lta
1525 1219 1603 1252 Pal.
1626 1218 1674 1261 1.,

946 1276 1081 1318 Guelf„
1109 1277 1213 1316 Put.,
1242 1277 1358 1317 Mon,
1388 1275 1541 1317 Franc„
1569 1275 1676 1316 neg„

945 1334 1065 1374 Serv„
1087 1329 1247 1372 Pii-clm„
1268 1330 1394 1372 Leia„
1422 1330 1508 1362 xxl
1541 1328 1605 1360 alii
1636 1331 1675 1361 et

945 1389 1000 1421 ed.
1025 1397 1079 1429 pr.
1102 1386 1239 1427 Heius„
1263 1385 1361 1427 seg„
1383 1384 1463 1417 Bel.
1487 1385 1525 1415 et
1548 1382 1674 1425 erem,

945 1444 1040 1485 quod
1063 1452 1143 1475 cum
1166 1440 1350 1474 Merkelio
1374 1439 1549 1482 dedimus,
1582 1447 1674 1480 pro-

944 1502 1028 1540 pter
1060 1500 1150 1531 vett.
1187 1496 1365 1530 librorum
1406 1495 1675 1529 auctoritatem.

943 1554 1067 1596 Vulgo
1089 1550 1224 1584 mortis
1239 1551 1394 1591 tempus.
1439 1549 1675 1594 Hamb.fuis-

944 1618 1014 1643 ses.
1061 1610 1138 1641 Iun.
1161 1605 1201 1638 in
1224 1607 1374 1648 longum
1395 1604 1512 1638 nobis.

988 1674 1042 1707 34.
1081 1671 1367 1707 Praese-essisset.
1418 1667 1544 1707 Nostri
1567 1672 1673 1715 quin-

944 1736 1028 1770 que,
1058 1723 1404 1769 excepto'fortasse
1431 1737 1503 1761 uno
1527 1729 1674 1761 Beroli-

943 1785 1060 1827 nensi,
1083 1785 1200 1827 Vatt.,
1224 1786 1338 1827 Mon,
1351 1782 1469 1826 Leia„
1486 1785 1673 1826 1un.,exc.

943 1841 1067 1883 Voss„
1090 1843 1143 1882 et,
1166 1839 1347 1873 Merkelio
1370 1840 1480 1880 teste,
1496 1840 1606 1872 xvn
1627 1847 1673 1871 a-

944 1896 984 1928 lii
1005 1896 1157 1938 Heinsii,
1180 1897 1220 1927 ut
1242 1903 1312 1935 ego
1336 1893 1507 1936 coniicio,
1534 1894 1673 1926 tantum

923 1951 1019 1984 'non
1042 1959 1180 1994 omnes,
1203 1952 1292 1983 vett.
1314 1950 1394 1982 edd.
1416 1955 1555 1990 omnes,
1582 1948 1673 1988 Reg.

943 2016 1014 2048 pro
1037 2017 1071 2039 v.
1095 2016 1167 2039 scr.
1191 2008 1228 2039 et
1252 2005 1373 2039 Guelf.
1395 2012 1419 2036 a
1441 2004 1472 2036 2.
1495 2012 1539 2034 m.
1554 2010 1674 2043 prae-

945 2060 1119 2093 cessisset
1145 2063 1177 2093 h.
1209 2068 1240 2092 e.
1267 2057 1553 2100 praevertisset,
1577 2058 1672 2099 quod

945 2117 1061 2149 donec
1085 2117 1187 2149 codd.
1202 2113 1411 2147 accuratius
1428 2114 1572 2146 excussi
1589 2114 1674 2145 rue-

943 2171 1032 2213 rint,
1053 2171 1303 2204 revocandum
1322 2169 1540 2212 censuimus,
1560 2168 1676 2210 siqui-

944 2227 1023 2258 dem
1065 2227 1109 2259 ad
1144 2234 1288 2258 sensum
1328 2225 1418 2258 satis
1439 2226 1578 2267 ‘aptum
1606 2225 1674 2257 est.

942 2282 1067 2322 Vulgo
1110 2289 1206 2314 nunc
1249 2281 1370 2313 editur
1404 2277 1675 2322 praecepisset,

945 2338 1040 2378 quod
1076 2345 1180 2378 quam
1217 2335 1475 2370 auctoritatem
1509 2337 1675 2367 veterum

943 2393 1119 2425 librorum
1132 2392 1277 2435 habeat,
1289 2392 1441 2433 siquam
1461 2390 1584 2431 habet,
1606 2396 1675 2421 ne-

944 2448 1072 2481 scitur.
1115 2448 1282 2481 Heinsius
1305 2445 1522 2479 coniiciebat
1551 2451 1674 2485 prae-

944 2502 1117 2545 venisset,
1150 2506 1190 2536 ut
1223 2505 1279 2535 est
1313 2501 1422 2535 Trist.
1450 2501 1503 2543 V,
1536 2499 1572 2542 4,
1605 2499 1674 2541 32,

945 2562 1008 2592 aut
1040 2557 1327 2601 praevertisset,
1356 2557 1396 2589 ut
1425 2557 1482 2588 est
1510 2555 1599 2589 Met.
1623 2555 1674 2596 11,

946 2615 1022 2646 657.

987 2692 1040 2723 35.
1075 2689 1388 2723 Redderem'toem.
1433 2689 1571 2736 Lucem
1585 2689 1673 2721 Vat.

945 2747 974 2779 1.
999 2749 1035 2778 et
1058 2747 1158 2779 Leid.
1192 2747 1318 2779 Recte.
1361 2745 1508 2778 Hsstlvs.
1554 2743 1672 2777 caus-

943 2810 1019 2834 sam
1043 2810 1114 2834 non
1139 2801 1261 2843 video,
1293 2810 1358 2833 cur
1385 2800 1603 2841 scripturam
1628 2807 1672 2832 o-

944 2857 1075 2891 mnium
1100 2857 1262 2890 codicum
1286 2857 1434 2898 praeter
1460 2856 1549 2888 duos
1572 2854 1673 2896 illos,
