1846 3146
218 206 353 240 xxvr
778 189 1197 242 PRAEFATIO.

215 328 313 361 non
333 311 626 373 concedunt,
648 311 739 361 sed
757 313 899 360 etiam
924 319 1149 362 vetustae
1176 312 1431 363 editiones„
1499 313 1589 365 Sic
1607 317 1742 376 (nam

216 395 281 444 de
316 394 536 443 editione
569 396 787 461 principe
821 396 950 445 infra
985 396 1201 456 dicetur)
1239 395 1302 445 de
1332 394 1502 447 CXCI
1536 404 1740 463 quatuor

215 480 478 545 primorum
511 477 744 527 Tristium
776 479 1006 528 librorum
1040 479 1181 539 locis,
1217 481 1266 527 in
1302 479 1474 543 quibus
1504 480 1741 544 Merkelii

125 592 130 599 ι
215 561 482 610 editionem
514 578 544 609 a
578 564 819 628 scriptura
835 562 1424 611 Heinsio-Burmanniana
1458 556 1738 629 discrepare

213 643 359 693 modo
396 643 674 704 docuimus,
723 642 1046 709 CLXXVIII
1079 650 1215 705 sunt,
1252 645 1334 695 ubi
1368 649 1510 695 etiam
1544 645 1739 695 Veneta

212 729 325 775 anni
371 726 506 779 1486
549 741 717 775 veram
761 729 1044 792 scripturam
1091 728 1314 788 exhibet3
1361 733 1413 778 ut
1458 730 1553 778 ista
1586 729 1738 778 editio

214 814 408 859 nonnisi
442 810 574 859 XIII
608 810 733 859 locis
766 827 796 862 a
824 810 1049 859 Palatino
1071 810 1307 879 discedat,
1331 811 1463 860 scil.:
1499 813 1539 873 Ι,
1574 812 1622 872 1,
1657 813 1737 861 12.

213 893 326 942 125.
394 894 444 953 Ι,
489 896 549 953 2,
600 894 678 941 47.
747 893 822 953 ΙΙ,
869 893 981 942 147.
1048 894 1148 953 ΙΙΙ,
1183 893 1230 953 3,
1266 892 1344 942 33.
1411 895 1503 954 ΙΠ,
1541 893 1620 955 10,
1657 895 1735 943 45.

218 977 309 1036 ΙΠ,
346 976 435 1035 12,
472 977 519 1025 5.
554 976 634 1025 10.
702 976 802 1037 lv,
839 979 885 1036 2,
919 967 999 1025 co.
1067 975 1170 1036 lv,
1207 975 1255 1035 3,
1292 977 1370 1025 71.
1438 977 1538 1037 lv,
1574 978 1621 1036 4,
1657 977 1736 1025 28.
1823 1023 1828 1027 .

211 1059 302 1119 IV,
340 1061 386 1119 5,
425 1060 503 1109 33.
573 1059 675 1120 IV,
724 1059 804 1120 10,
838 1059 916 1108 79.
983 1058 1056 1107 At
1090 1059 1255 1107 harum
1288 1059 1416 1107 XIII
1450 1061 1738 1122 varietatum

212 1142 340 1191 aliae
393 1145 441 1191 iu
485 1143 751 1191 levissimis
804 1142 1062 1191 verborum
1117 1141 1570 1207 transpositionibus
1616 1144 1740 1190 sitae

211 1232 339 1285 sunt,
375 1243 443 1274 sc.
480 1226 521 1284 Ι,
558 1229 606 1285 2,
642 1227 745 1285 47.,
782 1226 885 1285 ΙΠ,
919 1223 966 1284 3,
1002 1224 1104 1284 33.,
1153 1225 1253 1284 ΙΙΙ,
1290 1224 1370 1284 12,
1406 1225 1509 1285 10.,
1562 1224 1653 1284 IV,
1687 1224 1737 1280 3,

215 1308 311 1368 71„
347 1309 439 1368 IV,
477 1310 524 1368 5,
557 1307 666 1368 33„
702 1314 752 1357 et
786 1309 997 1356 fortasse
1040 1323 1104 1356 ex
1147 1311 1285 1372 parte
1320 1324 1349 1354 a
1382 1307 1739 1373 typothetarum

213 1391 516 1455 negligentia
550 1394 786 1456 originem
831 1391 1030 1450 habent,
1081 1391 1207 1438 aliae
1241 1388 1455 1454 alioquin
1489 1390 1736 1440 leviculae
1771 1415 1773 1417 ·

213 1479 339 1534 sunt,
376 1490 445 1523 sc.
479 1475 546 1534 ΙΙ,
580 1475 692 1523 147.
759 1474 852 1534 ΠΙ,
879 1474 958 1534 10,
992 1475 1086 1534 45.,
1117 1489 1209 1522 nec
1242 1475 1335 1522 nisi
1372 1479 1575 1538 quatuor
1609 1479 1735 1533 sunt,

214 1571 282 1605 sc,
318 1557 411 1617 IV,
449 1560 496 1617 2,
547 1558 643 1617 60„
691 1555 783 1617 IV,
823 1557 870 1617 7,
909 1557 1005 1617 15„
1040 1557 1131 1617 IV,
1167 1556 1245 1616 10,
1281 1556 1358 1605 79.
1393 1562 1443 1605 et
1479 1556 1518 1616 Ι,
1555 1556 1602 1615 1,
1639 1556 1734 1615 12.,

213 1643 344 1704 quae*
371 1640 540 1706 paullo
576 1641 834 1704 graviores
868 1639 1038 1688 haberi
1070 1644 1356 1688 mereantur.

310 1722 556 1771 Levicula
588 1722 818 1771 videatur
869 1737 1019 1788 opera
1051 1737 1111 1771 ac
1149 1723 1329 1771 minuta
1374 1722 1493 1772 talia
1535 1723 1734 1790 perqui-

211 1819 338 1864 rere,
374 1809 519 1870 atque
556 1811 632 1854 est
665 1821 725 1854 ea
758 1804 1053 1871 permolesta
1085 1819 1204 1853 sane
1237 1810 1288 1853 et
1322 1805 1610 1866 iniucunda3
1646 1820 1735 1854 ne·
1823 1841 1826 1844 -

214 1902 308 1952 que
352 1893 510 1937 tamen
544 1887 743 1955 videtur
778 1902 889 1936 esse
923 1887 1123 1947 inutilis,
1158 1889 1268 1953 quia
1306 1889 1380 1937 sic
1414 1889 1638 1956 efficitur,
1673 1903 1737 1940 ne

212 1972 336 2035 quis,
373 1973 454 2034 qui
471 1970 677 2036 posthac
711 1970 787 2018 his
823 1970 1110 2019 carminibus
1148 1985 1342 2035 operam
1376 1986 1561 2020 navare
1594 1970 1734 2031 velit,

211 2052 433 2102 futilibus
467 2052 741 2102 huiusmodi
776 2053 1050 2118 opinionum
1069 2055 1346 2101 commentis
1364 2068 1628 2118 persuasus
1665 2059 1736 2103 tot

213 2138 496 2201 optimorum
540 2136 762 2185 codicum
805 2140 856 2184 et
897 2137 1327 2183 vetustissimarum
1371 2134 1634 2185 editionum
1674 2137 1733 2204 fi:

214 2218 324 2267 dem
357 2220 500 2285 parvi
534 2218 711 2267 habeat
744 2223 888 2282 atque
915 2222 1200 2276 contemnat,
1237 2232 1366 2267 neve
1398 2219 1634 2268 Merkelii
1667 2219 1733 2269 ad

159 2347 164 2350 .
199 2302 486 2368 -exemplum
520 2303 808 2350 auctoritate
842 2301 976 2349 illius
1012 2287 1198 2350 codicis
1233 2316 1364 2349 nova
1389 2307 1567 2368 poetae
1601 2305 1730 2369 opti·
1798 2322 1800 2325 ·

215 2400 292 2433 mo
326 2384 533 2433 vulnera
566 2385 768 2448 infligat,
805 2389 887 2432 aut
920 2383 981 2432 ab
1026 2384 1115 2433 illo
1160 2384 1342 2433 inflicta
1375 2401 1466 2450 pro
1500 2387 1637 2435 veris
1672 2400 1728 2435 e-

211 2467 596 2517 mendationibus
634 2467 858 2516 habenda
890 2481 1001 2515 esse
1034 2454 1305 2515 arbitretur.
1380 2481 1384 2483 ·

314 2549 421 2599 Sed
456 2557 621 2617 caput,
658 2550 795 2616 'quod
837 2553 1008 2599 iterum
1043 2548 1171 2609 dico,
1207 2551 1257 2597 in
1290 2551 1531 2616 scriptura
1562 2550 1745 2604 horum>

213 2627 470 2682 carminum
503 2633 906 2699 recognoscenda
936 2631 1062 2681 illud
1096 2638 1186 2692 est,
1222 2648 1284 2682 ne
1317 2633 1499 2682 iudicio
1520 2633 1728 2692 Heinsii,

212 2733 316 2764 nam
362 2718 622 2766 Burmanni
669 2716 1028 2766 emendationes
1073 2731 1258 2781 paucae
1291 2722 1403 2765 sunt
1443 2719 1499 2766 et'
1533 2716 1729 2782 plerae-
1760 2764 1788 2782 ,⁷

214 2815 307 2863 que
351 2815 516 2850 omnes
561 2801 747 2860 falsae,
795 2802 843 2848 in
884 2786 977 2848 hac
1010 2814 1064 2847 re
1097 2801 1285 2848 nimium
1319 2799 1602 2859 tribuamus,
1636 2796 1727 2847 sed

212 2900 491 2950 persua-sum
528 2883 808 2943 habeamus,
845 2882 1215 2932 innumerabiles
1257 2882 1362 2931 fere
1400 2881 1459 2931 ab
1495 2880 1585 2930 illo
1619 2882 1729 2930 viro
