1846 3146
194 172 258 220 54

194 293 393 342 Mittere
426 307 501 341 me
535 291 744 358 Stygias
778 295 821 342 si
854 294 947 341 iam
980 292 1228 342 voluisset
1259 291 1325 341 ad
1357 291 1514 342 undas

435 171 491 220 Ρ.
527 170 749 221 OVIDII
781 168 1094 250 NASONIS
1130 169 1470 220 TRISTIUM

1653 292 1719 344 65

233 373 463 436 *Caesam
500 378 549 424 in
582 376 679 425 hoc
712 381 881 425 vestra
913 391 1010 425 non
1044 378 1264 440 eguisset
1298 390 1406 442 ope.

193 457 286 507 Est
318 458 394 506 illi
427 461 580 507 nostri
614 475 712 508 non
745 458 994 507 invidiosa
1028 461 1216 508 cruoris

261 539 444 606 Copia,
481 540 706 606 quodque
741 541 893 602 dedit,
928 556 1035 591 cum
1066 542 1224 602 volet,
1259 544 1367 607 ipse
1401 540 1548 590 feret.

192 624 302 672 Vos
335 623 496 683 modo,
534 639 654 688 quos
689 630 824 674 certe
859 624 996 674 nullo
1025 630 1146 691 puto
1182 626 1381 674 crimine
1413 623 1554 686 laesi,

253 704 492 757 ‘Contenti
526 710 706 756 nostris
739 710 848 769 iam,
883 722 1074 774 precor,
1110 712 1216 761 este
1249 707 1414 757 malis!
1444 699 1452 704 κ

1655 706 1722 756 ’70

193 790 246 841 N
248 804 307 839 eo
339 795 512 850 tamen,
545 795 598 839 ut
633 793 795 840 cuncti
828 792 1052 839 miserum
1085 805 1287 839 servare
1321 789 1505 850 velitiS‚

260 871 405 931 Quod
437 875 598 938 periit,
633 874 824 924 salvum
858 875 950 922 iam
983 879 1128 939 eaput
1163 888 1275 922 esse
1308 877 1486 939 potest.

195 956 264 1007 Ut
298 970 428 1003 mare
464 955 702 1016 considat,
738 958 996 1021 ventisque
1030 956 1299 1005 ferentibus
1333 959 1457 1016 utar,

259 1038 328 1091 Et
359 1037 474 1087 mihi
507 1041 748 1105 pareatis:
783 1057 893 1088 num
927 1041 1081 1087 minus
1116 1038 1261 1088 exsul
1294 1036 1420 1089 ero?

195 1173 295 1215 quod
317 1173 434 1212 eulpa
454 1180 550 1213 mea,
579 1171 672 1204 licet
691 1171 771 1213 ipse
792 1172 924 1215 Anqu-

193 1230 287 1270 stus,
299 1235 406 1270 quem
420 1226 572 1270 offendi,
588 1227 782 1270 iudicarit,
804 1229 925 1261 morte

195 1285 309 1325 [quod
338 1284 490 1324 respicit
516 1283 609 1315 illud
637 1284 821 1323 perdere]
850 1285 924 1317 mi-

193 1342 268 1371 nor
309 1338 394 1371 visa
440 1338 506 1371 est.
564 1340 683 1380 Atque
716 1340 926 1382 posteriora

195 1396 261 1428 illa
284 1402 417 1436 urgens
440 1402 474 1425 v.
499 1393 551 1425 65.
574 1394 713 1436 pergit:
737 1394 771 1427 si
781 1395 925 1427 voluis-

195 1450 252 1482 set
282 1458 340 1481 me
373 1448 444 1481 etc.
498 1450 629 1484 Dresd,
670 1459 741 1491 pro
780 1460 816 1483 v.
851 1459 923 1483 scr,

195 1505 372 1540 Caesare.

241 1595 293 1628 65,
335 1593 396 1625 Ad
435 1593 587 1636 Styqias
622 1595 743 1627 undas
775 1595 925 1628 mittere

195 1657 264 1689 pro
289 1649 340 1680 ad
360 1650 532 1682 mortem.
577 1648 717 1683 Vid.ad
738 1652 789 1693 V,
811 1652 847 1693 2,
871 1651 924 1683 74.

196 1705 294 1736 Unus
305 1705 427 1737 Heins.
449 1704 526 1737 iam
548 1706 651 1748 δίῃ-ᾳ.
676 1706 709 1738 si
727 1716 795 1738 me.
842 1708 926 1749 Seg.

196 1767 219 1793 a
244 1759 341 1793 1:111.
364 1769 422 1792 me
433 1760 578 1794 dubias.
620 1762 755 1805 Guelf.,
778 1764 823 1796 fr.
835 1765 926 1796 Rev.

196 1821 220 1848 a
242 1814 274 1845 2.
297 1823 357 1857 m„
378 1816 454 1847 Pal.
478 1816 526 1858 2„
557 1817 674 1859 Leid„
704 1819 810 1860 Reg.,
833 1820 927 1861 Put.,

196 1870 309 1912 Gau„
357 1861 479 1913 serv),
523 1871 622 1904 Busl.
667 1875 706 1905 et
738 1874 826 1905 vm
865 1873 929 1905 alii

196 1926 332 1967 HeinS„
354 1926 498 1969 Dresd„
530 1927 653 1969 Goth„
680 1928 775 1971 Rel.,
806 1929 928 1961 Berol.

196 1979 236 2014 in
257 1980 390 2015 undas.
406 1998 450 2008 ---
465 1982 510 2018 V.
548 1984 601 2017 66.
623 1984 700 2019 Pal,
725 1984 755 2016 1.
784 1983 824 2016 in
855 1983 929 2018 Ιιασ

195 2036 342 2073 nostru,

241 2127 296 2161 67,
319 2126 409 2159 Non
439 2123 821 2170 indiviam—copia,
856 2136 926 2169 po-

197 2184 311 2215 testas
333 2183 448 2224 necis,
472 2189 563 2223 quae
585 2181 754 2215 invidiam
771 2191 845 2215 non
858 2183 927 2214 ha-

197 2238 272 2279 bet,
296 2246 401 2278 quam
422 2237 586 2270 invidere
615 2238 650 2270 ei
674 2247 748 2271 non
772 2238 928 2269 debere-

192 2293 252 2328 tis.
298 2292 359 2326 Sic
379 2292 580 2332 pecuniam
601 2302 678 2326 non
699 2293 926 2326 invidiosam

196 2348 286 2383 uixit
308 2347 451 2382 Cicero.
495 2348 577 2383 vid,
600 2349 668 2391 xv,
691 2350 727 2391 4,
752 2350 804 2383 65,
837 2335 847 2346 ‘

230 2431 294 2472 te,
326 2437 464 2478 Feret,
509 2438 674 2479 auferet,
719 2438 853 2479 demet,
887 2438 928 2470 ut

195 2500 307 2534 saepe
330 2493 482 2534 simplex
505 2501 574 2534 pro
598 2493 810 2534 composito.
843 2492 926 2528 Vid,

196 2557 232 2583 v,
255 2548 310 2580 73.
334 2552 371 2580 et
395 2549 448 2581 91.
473 2551 508 2580 et
530 2551 606 2584 not,
635 2549 682 2580 ad
710 2548 794 2583 ner,
825 2548 926 2590 XVI,

199 2602 272 2638 125,
317 2604 394 2640 Pal,
419 2604 463 2646 1,,
486 2604 582 2638 Busl.
593 2625 607 2645 ,
629 2606 725 2638 Mor.
747 2605 785 2635 et
806 2604 858 2635 111
880 2610 925 2634 a-

194 2658 236 2690 lii
258 2659 395 2702 nefins„
419 2662 473 2700 pr.
497 2660 551 2693 ed.
575 2662 612 2691 et
638 2659 758 2691 Guelf.
780 2667 804 2694 a
826 2651 925 2693 zm.

195 2721 391 2756 quamque,
436 2715 556 2751 Berol,
600 2714 700 2751 dum.
744 2716 806 2749 Fr.
836 2716 926 2750 Rev.

195 2768 273 2806 ille,

234 2848 293 2891 69,
327 2852 438 2890 Certe
473 2853 590 2889 nullo,
637 2854 711 2889 Iun.
747 2854 784 2888 et
818 2852 925 2884 Serv.

991 1174 1097 1204 nullo
1120 1173 1234 1205 certe.
1278 1173 1350 1204 Pro
1382 1169 1477 1203 laesi
1496 1170 1598 1214 VReg.
1633 1180 1656 1204 a
1693 1173 1724 1204 1.

993 1236 1053 1269 m.,
1076 1228 1231 1270 Franc.,
1263 1227 1363 1259 Leid.
1394 1229 1430 1259 et
1457 1228 1495 1260 V
1515 1229 1578 1260 alii
1600 1229 1723 1261 neins.

1001 1284 1136 1324 laesos,
1162 1283 1256 1323 quod
1279 1282 1376 1314 dedit
1398 1283 1574 1315 Heinsius.
1607 1283 1725 1315 Vete-

992 1346 1052 1370 res
1076 1338 1160 1369 libri
1183 1345 1299 1378 prope
1331 1331 1455 1369 omnes
1485 1337 1597 1380 laesi,
1632 1339 1727 1379 quod

992 1396 1030 1425 et
1074 1393 1273 1433 simplicius
1286 1415 1300 1434 ,
1346 1395 1383 1424 et
1414 1400 1492 1425 eam
1538 1393 1646 1426 etiam
1678 1394 1725 1426 ob

993 1455 1157 1480 caussam
1197 1449 1477 1488 praeferendum
1515 1450 1596 1490 est,
1642 1448 1727 1490 quia

991 1505 1114 1535 laesos
1137 1511 1211 1534 non
1234 1503 1439 1534 adiunctam
1461 1502 1583 1534 habet*
1591 1510 1726 1544 perso-

991 1568 1089 1600 nam,
1113 1566 1136 1590 a
1158 1567 1237 1599 qua.
1283 1559 1404 1599 Rern„
1436 1558 1534 1589 Busl.
1564 1566 1588 1590 a
1611 1558 1642 1590 1.
1664 1566 1730 1603 m,

992 1614 1115 1646 Berol.
1145 1622 1168 1645 a
1199 1613 1230 1645 1.
1252 1621 1296 1644 m.
1327 1610 1440 1644 laedi.
1485 1613 1602 1656 Laid„
1629 1615 1727 1647 Mor.

993 1671 1029 1701 et
1050 1668 1147 1700 Busl.
1169 1676 1237 1699 vos
1259 1675 1414 1710 quoque.
1690 1688 1694 1692 -

1036 1746 1091 1777 70.
1116 1743 1214 1785 Iam,
1235 1751 1389 1785 precor.
1435 1742 1559 1777 Comb.
1583 1746 1620 1777 et
1640 1746 1725 1778 Me-

993 1801 1077 1833 don.
1099 1808 1167 1832 vos
1187 1805 1340 1839 precor.
1392 1798 1498 1831 Serv.
1522 1798 1562 1831 di
1580 1794 1725 1840 preco'r

992 1857 1100 1887 Bene.
1123 1854 1270 1886 Hzfflvs.
1305 1853 1482 1895 Optimam
1493 1855 1646 1888 omnium
1657 1864 1727 1889 ve—

995 1913 1112 1943 terum
1143 1910 1319 1942 librorum
1349 1908 1569 1950 scripturam
1612 1920 1727 1945 revo-

995 1966 1087 1998 cavi.
1135 1964 1239 1998 Conf.
1267 1964 1343 1994 not.
1372 1963 1419 1994 ad
1447 1973 1482 1995 v.
1513 1965 1567 1997 41.
1617 1967 1725 1999 Goth.

993 2029 1017 2052 a
1049 2020 1079 2052 1.
1113 2028 1157 2051 m.
1192 2016 1336 2050 nostris
1368 2017 1414 2050 ut
1441 2027 1548 2059 pree.
1592 2020 1638 2054 V.
1671 2021 1726 2055 71.

993 2077 1073 2109 Rel.
1094 2083 1181 2107 non.
1400 2064 1403 2067 ¹

1037 2153 1091 2184 72.
1123 2150 1256 2184 Periit.
1304 2152 1442 2186 Perire
1477 2154 1516 2184 et
1554 2151 1727 2184 occidere

994 2210 1046 2246 [v.
1080 2209 1150 2245 33.)
1187 2208 1355 2241 dicuntur
1386 2216 1461 2242 non
1493 2208 1634 2251 solum,
1666 2207 1726 2249 qui

991 2264 1220 2306 moriuntur,
1253 2264 1317 2295 sed
1351 2264 1457 2296 etiam
1492 2263 1554 2305 qui
1587 2268 1735 2296 sumna*

992 2322 1206 2361 premuntur
1238 2318 1468 2362 calamitate,
1502 2320 1598 2351 unde
1626 2318 1729 2360 perii

993 2375 1087 2414 apud
1129 2372 1298 2406 comicos
1335 2374 1417 2405 fere
1460 2374 1725 2406 interiectionis

992 2429 1078 2462 loco
1103 2431 1167 2461 est.
1214 2429 1301 2460 Inde
1326 2429 1562 2469 explicandus
1585 2429 1644 2471 hic
1664 2429 1726 2462 lo-

995 2491 1074 2526 cus,
1105 2487 1141 2514 et
1162 2483 1263 2515 lusus
1288 2483 1353 2515 ille
1375 2485 1406 2526 1,
1430 2485 1466 2527 4,
1491 2485 1545 2516 28.

1060 2558 1093 2590 Si
1116 2559 1204 2588 modo
1228 2558 1278 2594 qui
1301 2559 1408 2594 periit,
1435 2566 1495 2588 nou
1519 2558 1650 2595 periisse
1667 2566 1724 2594 po-

1390 2606 1460 2639 test.

991 2663 1070 2694 Put.
1092 2670 1236 2694 sanum.
1281 2662 1363 2694 Vid.
1386 2663 1418 2703 1,
1443 2661 1477 2703 1,
1501 2662 1553 2694 19.
1600 2662 1724 2704 Goth„

993 2724 1072 2749 exc.
1112 2718 1219 2751 voss.
1231 2739 1247 2760 ‚
1281 2718 1377 2752 Gall.
1389 2739 1404 2759 ,
1444 2712 1540 2752 Mor.
1574 2717 1724 2749 salvum
1762 2722 1790 2741 -·

992 2782 1079 2806 non.

1036 2851 1089 2885 73,
1115 2848 1304 2885 considat.
1351 2849 1460 2891 vulg.
1484 2857 1564 2882 cum
1587 2847 1663 2882 Pal.
1676 2847 1723 2891 1.,
