1846 3146
639 211 774 262 Lm.
805 208 872 260 V.
923 204 1125 260 ELEG.
1155 205 1221 256 V.

1566 201 1665 253 4⁷3

144 338 317 391 Edidit
348 337 475 388 haec
505 349 665 394 mores
698 333 801 383 illis
833 330 1063 382 heroibus
1097 342 1296 395 aequos,

212 422 333 482 Quis
368 424 478 471 erat
505 419 686 469 Eetion
717 417 1000 480 Icariusque
1032 418 1185 481 pater.

122 469 281 554 'Nata
311 503 547 572 pudicitia
580 506 672 562 est,
705 514 864 550 mores
896 497 1209 565 probitasque
1241 492 1488 559 fidesque·

1599 490 1668 540 45

212 587 286 636 At
316 592 414 636 uon
446 590 558 636 suut
588 587 684 634 ista
714 569 895 648 gaudia
927 584 1041 630 nata
1074 577 1184 628 die·
1170 612 1185 639 ‚

147 724 262 779 eali,
284 739 395 780 uon,
416 737 511 778 rm,
530 735 603 768 vn
623 735 687 768 am
698 734 819 768 uetus.
833 735 873 766 et

147 793 306 842 eiusdem
317 793 452 834 ed.pr.‚
464 792 600 834 Guelf„
610 792 733 833 Goth„
744 790 872 823 Dresd.

148 847 241 881 haec
263 839 363 889 erqo.
385 862 429 869 —
449 847 496 880 V.
519 847 572 879 48.
606 847 712 880 Goth.
734 843 874 877 mihi—

145 902 234 945 ruit.
274 903 352 936 Pal.
373 902 423 944 1.,
445 903 523 934 lun.
545 903 582 934 et
603 902 658 938 IV
680 900 873 934 aliineins.

148 956 312 991 videnda
332 956 423 991 aies.
469 957 566 991 Gall.
586 957 696 990 nulla
713 954 830 998 foret.

192 1057 248 1092 43.
281 1056 479 1100 Heroibue,
522 1059 660 1091 Bonon.
675 1052 873 1087 hebroidis.

149 1115 247 1148 nor.
268 1111 478 1146 herodibus.
527 1113 634 1146 Goth.
662 1108 874 1143 hororibus.

150 1169 262 1211 neg„
292 1169 411 1210 Gau„
438 1167 531 1200 VIII
564 1166 628 1199 alii
655 1166 792 1208 Heius„
820 1165 876 1196 ed.

111 1256 115 1262 ,
150 1223 304 1265 Bonum,
326 1224 432 1254 Bel-n.
454 1223 493 1254 et
513 1222 641 1254 Dresd.
654 1218 876 1253 heroidibus.

152 1279 277 1321 Serv„
298 1278 409 1320 Busl.,
430 1278 485 1310 111
507 1275 569 1308 alii
590 1276 728 1318 Heius„
748 1275 876 1307 Droed.

151 1325 222 1374 pro
244 1342 280 1365 v.
303 1331 511 1365 erroribus.
558 1331 701 1372 Reliqui
730 1332 768 1363 et
789 1331 878 1363 vett.

152 1388 233 1420 edd.
254 1385 439 1418 heroibus.

196 1442 302 1484 „Sed
323 1442 368 1477 de
390 1441 531 1474 feminis
552 1441 638 1485 agit.
690 1438 877 1483 Quomodo

153 1505 245 1539 ergo
272 1496 446 1530 heroides
472 1497 509 1530 in
537 1496 673 1528 heroas
694 1491 878 1528 mutatae?

153 1552 285 1585 Scribe
298 1551 462 1584 heroisin
481 1560 560 1585 cum
576 1552 780 1593 scaligero,
792 1552 879 1584 Sal-

152 1607 267 1640 masio
299 1610 337 1640 et
365 1607 528 1641 Gronov.
557 1606 659 1639 Obss.
690 1608 753 1638 111.
781 1616 816 1638 v.
846 1607 878 1639 3.

153 1663 193 1694 et
213 1662 286 1695 vid.
308 1664 355 1695 ad
377 1663 465 1696 Her.
476 1663 581 1703 xm,
599 1661 673 1694 137.
696 1662 769 1693 Sed
785 1670 879 1694 non-

154 1717 237 1749 dum
266 1720 415 1751 sanatus
441 1718 544 1751 locus
578 1719 644 1750 est.
696 1715 880 1759 Quaenam

154 1772 368 1814 Eurytionis
379 1775 479 1811 (nam
491 1773 603 1814 vulgo
617 1771 805 1812 Eurytion
822 1773 880 1804 le-

150 1823 269 1869 gitur)
297 1827 363 1860 illa
390 1822 492 1861 fllia?
529 1827 696 1868 Scaliger
724 1827 880 1868 Antige-

154 1891 239 1924 nen,
254 1883 355 1915 Pelei
369 1891 534 1924 uxorem,
548 1882 786 1924 intelligebat.
809 1883 882 1915 Sed

79 1971 87 1974 .
156 1947 325 1980 quorsum
347 1939 422 1970 tam
444 1938 636 1971 obscurum
658 1932 847 1969 nomen?“

199 2005 336 2047 scripti
364 2005 511 2037 veteres
540 2005 704 2036 variant:
736 2004 883 2045 plurimi

157 2069 239 2094 cum
259 2062 349 2094 vett.
371 2061 450 2091 edd.
474 2058 678 2100 Eurytion.
732 2059 810 2091 Pol.
833 2060 864 2091 2.
855 2081 883 2102 .,

132 2115 434 2158 ,Guelr.,Be1-n.
470 2116 507 2148 et
541 2115 662 2147 Berol.
683 2114 882 2148 Eurition.

156 2170 235 2202 Pal.
257 2170 288 2203 1.
310 2172 348 2203 et
377 2170 484 2204 (trev.
508 2168 722 2202 Euthicion.
775 2170 882 2203 Goth.

155 2221 234 2264 ruit
262 2223 450 2257 Euticion.
510 2224 586 2256 Pal.
617 2226 648 2258 2.
679 2227 717 2259 et
746 2228 882 2258 Bersm.

114 2293 121 2299 -
158 2276 379 2317 Eutychion.
396 2279 560 2313 (Plrc'kh.
573 2280 761 2318 Eutition.
803 2281 882 2313 Pol.

160 2333 191 2365 1.
214 2332 413 2365 Eeccation.
457 2335 538 2367 Bel.
561 2334 740 2368 Euricon.
797 2336 881 2377 Seg.

160 2390 198 2420 et
220 2388 318 2420 Busl.
340 2387 512 2421 Cuchion.

202 2443 340 2485 „Alter
361 2444 438 2475 Pol.
458 2443 593 2476 Eftion
613 2446 746 2486 optime
764 2448 802 2478 et
815 2454 884 2478 ve-

159 2498 311 2530 rissime.
345 2497 630 2531 Andromachen
642 2501 804 2542 intellige
815 2510 884 2533 no-

159 2544 319 2586 tissimae
342 2547 534 2594 probitatis
557 2558 594 2601 et
613 2555 806 2595 pudicitiae
828 2555 887 2586 fe-

160 2606 288 2639 mimam
313 2607 406 2647 apud
428 2608 624 2641 Homerum
645 2609 688 2641 11.
714 2609 783 2650 VI,
812 2609 887 2640 395.

229 2679 447 2728 Ἀνδρομάχη
459 2682 628 2728 θυγάτηρ
644 2682 888 2728 μεγαλήτορος

553 2735 741 2778 Ἠετίωνος
763 2757 807 2764 -

164 2817 326 2851 Eetionis
349 2825 478 2851 nomen
500 2798 641 2859 quoque
661 2819 764 2851 varie
786 2827 887 2851 men-

164 2874 290 2906 dosum
312 2874 465 2925 apparet
485 2872 522 2906 in
543 2873 691 2915 seriptis
704 2874 802 2907 Fast.
817 2874 887 2915 IV,

937 732 1016 766 28⁰.
1035 730 1182 764 veteres
1203 723 1375 761 Eetionis
1397 731 1498 767 opes,
1521 725 1559 756 et
1575 723 1665 756 Met.

937 789 1030 830 ΧΠ,
1059 786 1135 819 110.
1191 784 1353 818 Eandem
1386 778 1666 813 Andromachen

939 832 1107 883 tanquam
1129 839 1331 880 exemplum
1346 834 1540 879 probitatis
1563 836 1602 865 et
1622 833 1668 865 fi-

940 897 999 930 dei
1019 897 1146 929 laudat
1168 897 1201 937 1,
1230 896 1267 937 ⁶,
1291 894 1346 927 19.
1369 895 1407 926 et
1427 892 1478 934 V,
1502 890 1559 932 14,
1581 889 1636 922 37.
1637 886 1667 907 “

939 952 1087 985 Hiems.
1131 952 1187 984 De
1208 951 1390 991 Penelope
1411 947 1484 982 vid.
1506 947 1539 988 1,
1560 947 1596 987 6,
1613 945 1669 977 22.

940 1024 982 1031 —·
1007 1008 1062 1040 De
1084 1006 1197 1039 dativi
1224 1007 1343 1038 forma
1373 1005 1519 1038 Graeca
1540 1000 1670 1034 heroi-

940 1062 999 1096 sin
1027 1063 1101 1096 vid.
1132 1062 1242 1095 Com·-
1274 1061 1476 1094 schneider
1512 1059 1670 1092 Gramm.

941 1120 983 1153 L.
1005 1127 1038 1159 p.
1061 1118 1138 1151 311.
1160 1120 1197 1150 et
1225 1117 1297 1149 vid.
1327 1116 1393 1150 Ov.
1422 1118 1502 1148 Art.
1532 1117 1576 1148 A.
1599 1116 1670 1156 111,

943 1175 1022 1208 6⁷2:
1051 1172 1261 1216 Quanquam
1278 1180 1348 1213 ego
1366 1171 1590 1204 retinendam
1601 1178 1669 1211 pu-

942 1230 1020 1264 tavi
1037 1229 1257 1270 scripturam
1281 1226 1474 1267 heroibus,
1497 1229 1537 1259 ut
1559 1225 1671 1258 intel-

941 1287 1103 1328 ligantur
1126 1283 1259 1314 heroes
1279 1283 1375 1314 inter
1397 1281 1561 1314 feminas.

986 1342 1040 1374 De
1060 1338 1247 1372 locutione
1271 1337 1337 1369 illa
1357 1344 1483 1368 mores
1503 1335 1584 1368 illis
1606 1335 1673 1368 he-

942 1395 1062 1428 roisin
1079 1395 1142 1427 vel
1163 1392 1340 1425 heroibus
1351 1400 1491 1434 aequos·
1504 1401 1574 1435 pro
1592 1401 1673 1425 mo-

942 1459 1007 1484 res
1038 1450 1198 1482 illarum
1220 1446 1413 1480 heroidum
1438 1449 1502 1481 vel
1519 1449 1675 1481 heroum

942 1505 1110 1540 moribus
1131 1511 1283 1546 aequo-e,
1318 1505 1404 1535 Her.
1425 1505 1474 1546 Χ,
1497 1505 1574 1537 137.

1009 1568 1142 1604 Adspice
1159 1568 1307 1595 demissos
1330 1567 1463 1603 lugentis
1484 1575 1568 1596 mere
1588 1568 1630 1602 (b.
1649 1576 1675 1596 e.

1096 1621 1158 1640 nor
1159 1621 1174 1639 e
1192 1612 1361 1648 capium-
1378 1613 1516 1647 leaenis)
1535 1611 1675 1647 capillos.

945 1685 1068 1717 Amor.
1091 1685 1162 1725 111,
1185 1684 1221 1725 9,
1243 1683 1298 1716 53.

1011 1756 1144 1793 Cumque
1166 1756 1228 1784 tuis
1250 1756 1408 1790 (com-etin)
1430 1762 1486 1783 sua
1514 1755 1678 1782 iunxerunt

1064 1834 1177 1863 oscula
1316 1799 1514 1835 Nemesisque
1533 1798 1678 1835 priorque

946 1891 1030 1924 Vid.
1052 1891 1206 1933 interpp.
1229 1892 1275 1924 ad
1298 1890 1373 1925 Cic.
1396 1891 1442 1934 de
1468 1889 1571 1923 Offic.
1594 1890 1622 1921 1.
1644 1897 1677 1922 c.

947 1945 979 1979 1.
1004 1963 1045 1969 —
1065 1948 1187 1980 Berol.
1208 1946 1377 1980 horoisin
1399 1946 1521 1988 aptos.

991 2024 1045 2057 45.
1079 2023 1222 2056 Mores.
1268 2026 1353 2058 Vat.
1379 2024 1425 2065 1.,
1448 2022 1586 2064 Pol.1.,
1599 2022 1677 2054 Pal.

947 2079 997 2121 2.,
1018 2081 1111 2122 Iun„
1133 2081 1238 2123 neg„
1260 2081 1373 2121 Busl.,
1395 2081 1543 2120 Franc„
1574 2078 1611 2110 V
1632 2085 1677 2109 a-

947 2134 990 2167 lii
1018 2136 1139 2178 Heins.
1170 2139 1211 2174 et,
1239 2136 1360 2169 Guelf.
1388 2132 1517 2165 moris.
1577 2124 1678 2165 Leid.

948 2199 1101 2223 morem.
1162 2191 1251 2223 Exc.
1281 2191 1389 2222 Voss.
1416 2196 1533 2220 more.
1589 2189 1678 2220 Exc-

948 2247 1058 2280 Voss.
1081 2250 1118 2278 et
1140 2247 1230 2287 Reg.
1253 2254 1321 2288 pro
1345 2254 1381 2276 v.
1404 2244 1617 2285 scr.,Serv.
1641 2245 1679 2275 et

948 2302 986 2334 V
1016 2302 1078 2333 alii
1106 2300 1230 2332 Heius.
1259 2307 1418 2330 morum.
1470 2295 1587 2331 Crev.'
1607 2305 1678 2329 no-

950 2355 1017 2388 bis,
1060 2356 1155 2388 Gall.
1175 2363 1309 2387 secum.
1353 2355 1434 2387 Rei.
1457 2362 1480 2386 a
1502 2354 1534 2386 1.
1556 2363 1600 2386 m.
1621 2354 1678 2385 te-

950 2419 1051 2452 cum,
1081 2420 1150 2452 pro
1179 2421 1214 2443 v.
1243 2418 1376 2442 mores.
1429 2410 1574 2451 Reliqui
1598 2418 1679 2442 cum

950 2468 1040 2498 vett.
1070 2466 1149 2497 edd.
1177 2472 1320 2506 mores,
1351 2466 1446 2506 quod
1474 2468 1548 2496 tam
1574 2466 1679 2496 recte

951 2520 1053 2552 iuxta
1071 2519 1272 2561 pudicitia,
1298 2520 1543 2562 probitasque
1561 2518 1679 2562 fides—

952 2581 1022 2615 que
1042 2577 1142 2606 stare
1164 2579 1300 2618 potest,
1323 2584 1426 2617 quam
1441 2578 1535 2617 apud
1550 2577 1679 2609 Senec.

951 2630 1078 2670 Agam.
1099 2639 1136 2661 v.
1161 2630 1235 2662 112.
1270 2630 1428 2663 Periere
1449 2640 1585 2674 mores,
1608 2632 1679 2674 ius,

953 2683 1076 2723 decue,
1104 2683 1238 2726 pietas,
1264 2684 1362 2727 sides
1391 2687 1472 2728 etc„
1492 2689 1587 2728 quod
1611 2697 1679 2719 ex·-

954 2739 1108 2780 emplum
1131 2741 1255 2778 attulit
1276 2741 1436 2783 Merkel,
1459 2743 1520 2783 qui
1542 2745 1580 2775 et
1602 2742 1680 2783 ipse

952 2795 1171 2835 scripturam
1192 2803 1319 2828 mores
1340 2797 1497 2829 retinuit.

1000 2871 1052 2905 46.
1076 2871 1158 2905 Die.
1203 2873 1278 2906 Pal.
1291 2874 1339 2915 2.,
1350 2874 1453 2916 Reg.,
1465 2875 1561 2916 Fut„
1572 2875 1684 2916 Mon,
