1846 3146
213 176 311 226 260

453 178 510 226 Ρ.
547 179 769 230 OVIDII
803 181 1119 251 NASONIS
1155 185 1496 239 TRISTIUM

214 297 447 358 Quamvis
479 302 529 349 in
564 303 775 352 cinerem
810 319 988 371 corpus
1020 310 1282 357 mutaverit
1314 311 1460 374 igniS,

278 380 474 432 Sentiet
507 383 721 433 officium
754 392 937 436 maesta
970 387 1151 438 favilla
1182 392 1325 456 pium.
1384 420 1388 431 ν

210 462 622 532 Scribereplura
654 467 804 530 libet,
839 469 931 519 sed
965 486 1070 520 vox
1102 472 1216 521 mihi
1234 473 1371 524 fessa
1387 474 1636 541 loquendo
1669 478 1735 528 85

277 542 515 598 Dictandi
544 551 679 601 vires
712 552 942 617 siccaque
978 552 1148 619 lingua
1179 561 1342 621 negat.

212 630 402 697 Accipe
436 648 661 700 supremo
696 633 877 684 dictum
909 635 1024 684 mihi
1059 637 1266 688 forsitan
1300 655 1403 700 ore,

274 713 419 775 Quod
451 715 540 765 tibi
575 718 656 780 qui
689 719 833 766 mittit
867 734 964 767 non
998 719 1146 769 habet
1179 723 1303 789 ipse,
1339 722 1471 772 vale.
1506 758 1509 759 γ

712 965 1056 1017 ELEGIA
1099 969 1215 1017 Iv-

250 1073 419 1109 Anticum
440 1079 577 1121 monet,
595 1080 643 1112 ut
663 1078 771 1113 intra
791 1080 1091 1115 mediocritatem
1110 1083 1295 1126 fortunae
1323 1092 1404 1118 sese
1434 1085 1639 1128 contineat,
1659 1093 1734 1127 po-

291 1131 521 1175 tentiamque
550 1133 877 1180 familiaritatem,
914 1145 1010 1179 quae
1040 1146 1178 1171 nocere
1197 1138 1331 1181 possit,
1364 1138 1472 1180 vitet,
1504 1141 1736 1185 laudataque

291 1185 371 1219 eius
389 1186 465 1230 side
485 1190 684 1232 precatur,
708 1191 752 1223 ut
771 1191 831 1223 sui
853 1192 1073 1227 memoriam
1096 1202 1327 1228 conservare
1347 1194 1449 1228 velit.

203 1283 247 1335 Ο
281 1286 396 1334 mihi
432 1302 547 1337 care
582 1289 776 1354 quidem
811 1306 1017 1358 semper,
1053 1292 1147 1342 sed
1180 1298 1399 1361 tempore
1432 1292 1556 1343 duro

268 1367 499 1435 Cognite,
535 1385 616 1420 res
650 1378 905 1439 postquam
938 1375 1246 1442 procubuere
1280 1392 1433 1438 meae,

313 1516 400 1545 Adde
425 1525 532 1553 preces
563 1518 672 1554 positis
702 1523 733 1548 et
758 1527 813 1549 sua
837 1522 930 1550 verba

595 1563 682 1593 focis.

197 1620 279 1654 vid.
300 1621 433 1657 Tibun.
456 1623 508 1664 11,
532 1623 568 1665 o,
591 1622 661 1664 31„
685 1623 789 1666 Virg.
813 1626 855 1656 A.
878 1625 928 1666 v,

197 1676 268 1719 94„
292 1679 358 1719 111,
381 1679 450 1720 66„
473 1679 543 1721 vl,
566 1679 671 1722 243„
700 1680 859 1712 mrchm.
883 1681 929 1712 de

195 1733 285 1765 Fun.
307 1735 410 1767 Rom.
434 1743 469 1775 p.
491 1735 568 1767 560.
601 1751 644 1757 —
669 1735 715 1768 v.
737 1735 790 1767 82.
820 1736 927 1768 nem.
961 1723 963 1726 ⁴

193 1787 286 1821 suis,

239 1856 293 1888 83.
329 1855 377 1888 In
401 1855 576 1889 cinerem.
622 1858 735 1901 BusL,
752 1859 868 1901 Leid.,
890 1860 928 1892 et

194 1913 249 1946 lv
277 1913 341 1945 alii
368 1913 491 1946 Heius.
526 1913 566 1946 in
602 1913 759 1947 eineres.
818 1914 927 1947 Klein

193 1969 263 2002 hac
291 1968 328 2002 in
356 1977 399 2002 re
425 1968 466 2002 in
500 1968 664 2002 cinerem
686 1969 834 2002 unitatis
857 1978 927 2002 nu-

192 2030 295 2056 mero
318 2032 463 2066 semper
485 2025 668 2066 praeferri
697 2026 823 2058 statuit
846 2034 926 2058 cum

191 2077 340 2112 Heinsio
363 2081 410 2112 ad
431 2083 516 2114 Her.
539 2083 570 2123 Ι,
593 2081 647 2113 24.
679 2083 717 2114 et
738 2084 858 2114 Burm.
879 2083 926 2114 ad

192 2136 301 2177 Prop.
329 2125 379 2178 ΙΙ,
410 2135 475 2178 10,
506 2136 560 2169 31.
612 2138 685 2169 Sed
715 2146 789 2170 non
821 2140 925 2171 recte

191 2198 257 2224 eos
279 2192 316 2224 id
340 2192 507 2224 docuisse
536 2192 699 2233 pluribus
721 2190 926 2233 explicavi-

144 2281 147 2283 ,
191 2255 270 2279 mus
293 2248 339 2279 ad
362 2248 448 2280 Her.
469 2247 495 2280 1.
518 2247 542 2280 1.
594 2249 699 2281 Pont.
720 2250 752 2291 1,
782 2248 818 2290 2,
849 2248 924 2281 111.

191 2303 237 2335 de
258 2303 334 2335 suis
358 2303 540 2337 cineribus
562 2303 675 2346 poeta
696 2304 869 2345 loquens:

254 2377 318 2406 Nec
335 2379 414 2407 male
433 2362 632 2414 compositos,
667 2381 700 2406 ut
725 2378 845 2407 scilicet
870 2386 924 2407 ex-

588 2422 654 2451 sule
672 2423 812 2459 dignum,

305 2466 435 2495 Bistonii
465 2467 584 2496 cineres
614 2469 729 2518 ungula
757 2469 860 2503 pulset
887 2475 922 2496 e-

586 2519 648 2548 qui.

187 2568 271 2600 Vid.
300 2569 409 2602 Trist.
441 2571 491 2612 V,
527 2570 586 2613 12,
617 2571 671 2603 68.
703 2573 741 2603 et
769 2573 844 2604 not.
876 2572 922 2603 ad

187 2623 254 2664 111,
280 2622 314 2665 1,
337 2624 392 2656 27.
439 2626 662 2658 Retinuiinus
682 2624 849 2659 tamenin
865 2624 921 2657 ci-

185 2686 326 2721 nerem,
349 2680 516 2714 nimirum
540 2685 694 2723 propter
715 2682 919 2715 auctorita-

188 2738 261 2767 tem
284 2738 451 2768 veterum
472 2737 662 2770 librorum.

227 2813 283 2846 84.
315 2813 459 2848 Sentiet
493 2814 669 2858 officium.
728 2817 837 2858 Prop.
868 2817 919 2859 11,

186 2868 244 2910 10,
268 2868 322 2902 41.

1067 1521 1189 1551 Interea
1214 1530 1287 1552 cave
1311 1524 1355 1553 sis
1373 1531 1430 1553 nos
1447 1527 1609 1560 aspernata
1626 1526 1730 1562 sepul-

1112 1611 1179 1640 Non
1202 1611 1279 1641 nihil
1307 1613 1346 1641 ad
1369 1571 1474 1641 vgorusiui
1499 1612 1622 1641 conscia
1647 1615 1731 1640 terra

1393 1657 1483 1692 sapit.

1039 1727 1133 1769 Put„
1157 1727 1270 1769 Gall„
1293 1726 1390 1759 Busl.
1413 1726 1515 1759 etVI
1537 1725 1728 1770 minein—

993 1782 1039 1815 sii
1061 1782 1176 1815 tuum.

1036 1861 1091 1894 85.
1126 1860 1258 1893 Fessa.
1299 1840 1418 1902 „Vox
1435 1855 1526 1891 milti
1540 1858 1645 1902 fessa
1667 1858 1727 1891 eet

997 1915 1183 1957 loquendo
1207 1916 1244 1948 et
1264 1914 1371 1948 sicca
1390 1914 1523 1957 linqua
1543 1911 1726 1955 περαίη·-

993 1979 1059 2003 res
1083 1970 1267 2004 'dictandi
1295 1971 1358 2005 vel
1385 1971 1437 2004 ad
1468 1959 1729 2003 dictandum&

994 2025 1072 2066 Que
1094 2027 1131 2059 in
1155 2030 1286 2068 quarto
1307 2027 1394 2060 loco
1425 2025 1497 2058 vid.
1521 2026 1589 2067 lv,
1612 2024 1646 2066 1,
1669 2024 1724 2057 io.

1036 2082 1113 2114 Pal.
1150 2082 1179 2114 1.
1216 2090 1294 2114 voa·
1326 2089 1418 2114 mea.
1485 2081 1591 2112 Bern.
1621 2087 1725 2117 mens

991 2135 1092 2168 mihi.
1137 2139 1236 2170 Idem
1264 2147 1300 2170 v.
1329 2138 1383 2170 86.
1406 2133 1581 2169 dictanti.
1628 2134 1725 2168 Gall.

991 2190 1195 2233 linquaque
1215 2191 1330 2225 sicca.
1373 2194 1466 2234 Iun„
1489 2193 1590 2234 seg„
1614 2191 1725 2225 crev.

992 2249 1031 2280 et
1052 2248 1132 2280 Rel.
1155 2247 1270 2280 vetat.
1313 2247 1360 2280 V.
1383 2248 1538 2281 87.-1un.
1559 2244 1639 2280 tibi.

1036 2325 1091 2358 88.
1130 2325 1235 2358 Vale.
1279 2320 1503 2367 ’.Ωκύμορον;
1523 2325 1612 2357 vale
1630 2324 1724 2357 enim

992 2382 1026 2413 h.
1046 2381 1072 2413 1.
1095 2381 1251 2422 positum
1281 2383 1338 2414 επις
1369 2383 1406 2413 et
1433 2381 1614 2414 formulae
1635 2380 1722 2412 loco

992 2439 1031 2469 et
1053 2437 1204 2478 proprie
1225 2444 1293 2477 pro
1317 2435 1448 2468 salute.
1476 2430 1575 2469 vid.
1602 2438 1648 2469 ad
1670 2436 1721 2477 V,

991 2491 1049 2533 13,
1073 2491 1104 2524 1.
1128 2493 1166 2524 et
1189 2492 1284 2524 conf.
1307 2493 1356 2534 11,
1380 2491 1456 2524 484.

1033 2547 1156 2590 Bern.,
1178 2548 1255 2579 Iun.
1279 2549 1317 2580 et
1338 2549 1428 2580 vett.
1452 2547 1532 2580 edd.
1557 2543 1640 2578 ille:

1223 2687 1401 2720 ELEGIA
1424 2685 1487 2719 IV.

1032 2761 1065 2792 2.
1093 2758 1346 2792 -Procubuere
1374 2758 1482 2790 ducta
1505 2757 1719 2797 metaphora

987 2823 1011 2847 a
1045 2814 1196 2847 ruinosa.
1232 2815 1348 2846 domo.
1416 2811 1497 2845 Vid.
1527 2812 1625 2846 Fmt.
1648 2813 1716 2854 IV,

986 2870 1080 2913 233„
1102 2870 1206 2903 Pont-
1229 2871 1261 2913 Ι,
1285 2869 1321 2913 9,
1345 2867 1414 2911 14.,
1436 2869 1474 2902 et
1497 2868 1593 2902 conf.
1607 2867 1716 2902 Trist.
