1846 3146
182 183 282 234 444

421 184 479 236 Ρ.
516 183 740 235 OVIDH
772 184 1089 240 NASONIS
1124 186 1467 240 TRISTIUM

183 304 288 357 Cur
321 306 546 369 scribam,
579 307 745 371 docui.
816 306 920 359 Cur
952 312 1147 371 mittam,
1184 313 1432 376 quaeritiS‚
1467 312 1589 362 istos
1599 287 1616 362 ἐ

249 389 519 441 Vobiscum
553 394 698 459 cupio
733 391 954 458 quolibet
987 408 1101 444 esse
1135 393 1294 445 modo.

700 673 1044 723 ELEGIA
1091 673 1186 722 Π.

233 782 357 816 Uoeori
378 791 469 817 suae
491 783 671 819 miseram
692 786 732 819 in
755 787 878 821 Ponto
906 787 1155 821 conditionem
1184 786 1329 830 scribit,
1358 786 1604 831 queriturque
1633 797 1709 821 non

270 838 350 871 sine
373 839 467 871 lenti
489 840 606 873 animi
627 843 884 887 accusatione,
907 844 1006 886 quod
1028 843 1116 884 ipsa
1134 843 1353 886 Auyustum,
1371 844 1435 886 qui
1454 846 1531 876 tam
1550 844 1710 875 clemens

271 904 319 927 ac
339 895 443 928 mitis
465 895 527 938 sit,
547 905 623 938 pro
645 907 686 932 se
707 908 782 932 non
806 900 1051 942 deprecetur,
1082 900 1120 933 et
1146 900 1227 941 ipse
1253 908 1387 942 preces
1415 900 1467 932 ad
1490 898 1711 940 Principem

271 951 392 984 addit.

227 1007 401 1040 Ceterum
425 1009 496 1041 hoc
518 994 666 1051 quoque=
685 1018 841 1043 carmen
863 1010 972 1044 unice
994 1011 1169 1054 spectare
1192 1010 1244 1042 ad
1261 1010 1412 1052 culpam
1427 1009 1710 1052 deprecandam

271 1065 310 1097 et
328 1063 489 1107 Auyusti
511 1063 677 1097 animum
698 1064 948 1107 mitigandum
969 1064 1212 1108 manifestum
1234 1065 1300 1097 est.

180 1206 391 1272 Ecquid,
426 1207 510 1257 ubi
543 1222 572 1256 e
606 1207 767 1260 Ponto
802 1223 935 1257 nova
968 1210 1108 1258 venit
1142 1207 1367 1274 epistola,
1402 1207 1579 1275 palles,

247 1290 315 1339 Et
347 1290 451 1339 tibi·
470 1290 689 1340 sollicita
723 1290 937 1340 solvitur
968 1291 1059 1340 illa
1092 1290 1268 1339 manu?

180 1372 322 1422 Pone
355 1378 554 1422 metum:
590 1374 757 1435 valeo,
794 1389 1085 1441 corpusque,
1122 1373 1256 1439 quod
1289 1379 1402 1424 ante
1435 1374 1652 1424 laborum

246 1457 509 1523 Impatiens
544 1457 687 1509 nobis
722 1457 1090 1524 invalidumque
1127 1457 1236 1518 fuit,

224 1625 279 1658 79.
312 1623 427 1667 Istos,
451 1622 654 1666 δεικτικῶς,
677 1634 731 1659 sc.
753 1624 912 1660 libellos.

178 1681 263 1714 Vid.
276 1691 311 1714 v.
325 1681 379 1714 47.
402 1680 508 1713 Istos
523 1682 757 1715 Ruhnkenius
769 1684 814 1715 ad
827 1685 912 1716 Her.

179 1737 302 1769 XVIII
312 1758 327 1778 ,
363 1737 440 1769 205.
470 1737 564 1769 male
593 1737 631 1769 in
659 1736 751 1779 isto,
783 1747 913 1780 suspe-

181 1794 277 1824 ctam
301 1791 409 1824 etiam
432 1792 528 1832 apud
550 1793 732 1825 Nasonem
760 1794 914 1825 formam

181 1844 387 1883 mutandum
417 1849 553 1880 censet.
604 1849 689 1889 Seg.
719 1851 756 1881 et
785 1849 864 1881 Bel.
891 1856 915 1880 a

183 1901 214 1934 1.
238 1911 282 1934 m.
304 1901 405 1943 illos,
427 1903 506 1935 Rel.
520 1911 543 1935 a
560 1904 591 1935 2.
611 1912 656 1936 m.
668 1903 771 1936 istos.
806 1905 914 1937 Goth.

177 1955 276 1988 istic.
311 1957 498 1991 Editiones
519 1960 746 1992 recentiores
763 1960 914 2000 plerae-

181 2020 250 2054 que
272 2014 355 2052 post
377 2011 470 2044 istos
492 2014 634 2055 signum
662 2014 914 2056 interrogandi

181 2069 336 2110 habent,
365 2070 460 2109 quod
490 2069 573 2100 mihi
607 2069 643 2100 in
672 2070 740 2101 hac
771 2069 913 2109 quidem

179 2124 350 2156 oratione
379 2124 514 2156 rectius
546 2124 660 2157 omitti
681 2124 841 2164 videtur,
875 2123 913 2154 et

178 2168 364 2221 quaeritis
376 2179 626 2221 accipiendum
646 2189 713 2226 prro
739 2178 773 2211 si
796 2186 911 2220 quae-

178 2233 278 2267 ritis.
325 2234 429 2268 Conf,
453 2237 485 2277 Ι,
510 2234 567 2276 11,
590 2235 660 2278 25.,
673 2237 729 2278 ss,
741 2235 833 2278 261„
844 2235 912 2277 111,

180 2291 216 2331 6,
240 2290 310 2332 23„
334 2292 419 2323 Her.
442 2292 510 2333 VI,
534 2291 610 2324 123.

218 2380 280 2412 80.
316 2379 445 2421 Cupio.
493 2381 541 2413 Et
563 2380 633 2411 hoc
649 2379 675 2411 l.
690 2380 912 2411 Burmannus

181 2443 228 2468 ex
260 2444 331 2468 uno
362 2438 438 2468 Iun.
469 2434 737 2467 coniunctivum
764 2434 916 2475 cupiam

182 2494 320 2524 temere
349 2491 519 2535 novavit,
555 2491 650 2531 quod
689 2493 808 2522 tamen
841 2499 914 2523 non

181 2547 233 2580 ita
257 2547 354 2588 dico,
379 2549 419 2579 ut
441 2546 610 2579 Latinum
632 2554 705 2577 non
729 2554 810 2578 esse
834 2555 914 2579 cum

181 2602 262 2635 aliis
286 2602 462 2634 affirmem
485 2602 588 2640 (vide
611 2601 703 2634 enim
726 2601 823 2632 Fast.
847 2601 913 2642 111,

181 2657 290 2701 49¹³,
318 2658 381 2689 sed
415 2658 619 2698 elegantior
651 2656 912 2688 estindicati-

181 2721 272 2754 vus,
303 2715 340 2744 et
375 2716 463 2744 vett.
492 2713 578 2744 libri
608 2720 687 2744 eum
717 2711 911 2743 vindicant.

180 2767 265 2799 Vid.
290 2768 364 2807 111,
393 2767 438 2809 4,
469 2768 543 2809 64„
567 2768 617 2809 V,
643 2767 679 2809 4,
702 2767 756 2799 47.
781 2769 818 2799 et
839 2768 913 2800 not.

181 2824 227 2860 ad
252 2824 322 2864 111,
345 2824 381 2864 3,
405 2823 436 2855 6.
485 2821 656 2862 Quolibet
673 2823 800 2864 modo,
822 2823 913 2854 adeo

182 2879 327 2911 libellis.
361 2878 444 2911 vid.
462 2880 494 2920 Ι,
515 2878 550 2920 1,
574 2879 626 2910 16.
662 2879 739 2933 lJut.
755 2879 793 2910 et
805 2878 913 2911 crev.

979 1633 1052 1668 quo
1076 1623 1176 1658 licet.
1221 1625 1329 1660 Goth.
1345 1622 1511 1667 quolibet
1527 1622 1626 1657 'abde
1648 1630 1710 1655 es-

979 1690 1020 1714 se
1041 1681 1163 1714 modo.

1225 1814 1407 1849 nmen
1429 1815 1476 1863 Π.

1026 1880 1056 1913 1.
1079 1879 1227 1922 Ecquid
1244 1880 1316 1913 ubi.
1337 1882 1395 1913 lta
1411 1880 1487 1913 Pal.
1505 1879 1551 1922 1.,
1563 1879 1712 1921 Erana,
1740 1905 1747 1910 .

979 1937 1090 1978 Reg.,
1114 1937 1209 1969 Mor.
1216 1959 1231 1980 ,
1255 1938 1386 1980 Serv„
1417 1938 1454 1969 et
1492 1935 1572 1969 sine
1602 1935 1711 1968 dubio

979 1992 1145 2033 plerique
1174 1993 1319 2035 Heius„
1351 1992 1510 2024 eiusdem
1546 1992 1600 2023 ed.
1631 1991 1712 2033 Ρη,
1740 2024 1743 2037 ,

979 2047 1124 2089 Dresd.,
1149 2047 1273 2089 Crev.,
1296 2048 1395 2088 seg„
1423 2047 1516 2078 Re1.·
1555 2045 1640 2078 Vid.
1664 2047 1711 2078 ad

979 2103 1048 2143 111,
1074 2103 1109 2143 3,
1133 2101 1187 2133 47.
1233 2103 1346 2144 Gall„
1369 2101 1516 2134 Pirckh.
1537 2102 1575 2133 et
1591 2102 1647 2133 IV
1666 2107 1712 2132 a-

978 2156 1019 2188 lii
1041 2157 1162 2189 Heius.
1192 2157 1259 2188 hec
1288 2155 1350 2188 ubi
1379 2156 1426 2188 de
1450 2156 1584 2189 Ponto.
1630 2155 1712 2188 Hec

979 2210 1042 2243 ubi
1064 2212 1171 2245 etiam
1195 2212 1302 2244 Goth.
1309 2233 1326 2254 ,
1360 2212 1419 2253 qui
1441 2220 1464 2244 a
1486 2212 1518 2244 2.
1542 2219 1587 2243 m.
1608 2210 1654 2242 ut
1674 2210 1713 2243 et

980 2274 1003 2298 a
1027 2266 1056 2298 1.
1080 2275 1125 2298 m.
1148 2263 1331 2309 depos'ito,
1354 2275 1377 2299 a
1397 2267 1430 2298 2.
1455 2275 1499 2299 m.
1525 2274 1605 2298 cum
1625 2266 1710 2308 Seg.

980 2323 1018 2353 et
1031 2323 1127 2354 Mor.
1141 2329 1166 2352 a
1186 2321 1320 2354 Ponto.
1364 2322 1525 2365 Reliqui,
1548 2322 1606 2363 qui
1626 2322 1713 2354 sunt

979 2377 1175 2419 perpauci,
1206 2380 1244 2410 et
1272 2379 1364 2410 vett.
1399 2378 1479 2410 edd.
1502 2376 1635 2420 ecquid
1655 2376 1712 2410 ut.

981 2434 1017 2465 11
1039 2433 1162 2464 Heins.
1188 2431 1255 2464 tibi
1277 2431 1391 2464 venit.

1025 2510 1059 2542 ε.
1093 2509 1279 2542 soh-itur.
1339 2510 1421 2544 Via.
1445 2511 1491 2542 aa
1514 2510 1584 2552 Ν,
1612 2495 1650 2551 7',
1678 2510 1710 2542 ¹7.

980 2583 1025 2590 ·-
1047 2569 1146 2600 Unus
1170 2567 1293 2599 Heius.
1317 2567 1355 2597 et
1384 2565 1542 2596 eiusdem
1570 2565 1625 2596 ed.
1655 2573 1711 2605 pr.

982 2623 1019 2655 et
1039 2621 1123 2654 nisi.
1170 2622 1290 2654 Berol.
1314 2628 1382 2652 nec
1405 2619 1482 2652 tibi.
1510 2637 1554 2642 —
1575 2621 1664 2661 Reg.
1688 2628 1712 2651 a

979 2679 1009 2711 1.
1034 2688 1093 2721 m.,
1115 2679 1269 2720 Franc„
1293 2677 1410 2718 Gall„
1433 2676 1551 2717 Busl.,
1574 2675 1629 2706 ed.
1655 2683 1710 2714 pr.

979 2735 1118 2775 Heius,
1141 2733 1221 2766 nel.
1242 2731 1330 2764 ista.
1374 2733 1453 2764 Put.
1474 2730 1547 2763 illa
1567 2730 1679 2762 metu.

1024 2822 1055 2854 3.
1090 2821 1243 2862 Valeo,
1266 2826 1490 2860 corpusque,
1504 2818 1604 2859 quod
1624 2825 1711 2849 no-

981 2876 1050 2909 bis
1073 2900 1082 2909 .
1106 2899 1116 2909 .
1137 2875 1226 2918 fuit.
1276 2875 1465 2909 Transitus
1493 2873 1559 2906 ille
1587 2880 1612 2906 a
1631 2870 1710 2906 sin-

1641 394 1772 448 80,
