1846 3146
152 175 252 226 346

397 173 455 223 P.
490 131 714 223 ovmn
745 165 1060 220 NASONIS
1095 164 1437 217 TmsTmM

138 297 319 368 „thue
351 294 659 362 soporiferae
690 293 905 344 biberem
936 291 981 340 si
1013 288 1195 356 pocula
1226 286 1431 347 Lethes,

219 381 478 446 Temporis
517 377 719 427 adversi
752 378 826 426 sic
858 362 974 424 mihi
1005 387 1179 421 sensus
1213 370 1393 420 ἐώθεα.-
1448 404 1450 407 .
1517 383 1519 385 ’

153 465 267 513 Iure
304 463 422 511 deas
456 463 607 526 igitur
639 474 853 510 veneror
884 456 1012 506 mala
1045 459 1220 504 nostra'
1246 453 1490 513 levanteS,
1544 498 1547 503 .

221 545 484 597 Sollicitae
520 545 720 593 comites
755 557 820 591 ex
853 541 1100 590 Helicone
1133 537 1301 600 fugae,

1617 533 1683 583 50

155 631 224 680 Et
257 630 430 696 partim
464 627 644 694 pelago
678 627 852 692 partim
884 624 1102 687 vestigia
1135 627 1268 669 terra

206 702 326 761 ’ῩΒΙ
360 716 466 759 rate
502 709 727 775 dignatas
761 707 850 757 vel
882 705 1012 773 pede
1046 708 1214 753 nostra
1247 701 1400 765 sequi.

155 795 286 857 Sint,
321 809 514 862 precor,
550 793 643 842 hae
675 789 848 840 saltem
881 788 1058 838 faciles
1085 785 1222 834 mihi:
1257 797 1461 849 namque
1484 781 1682 831 deorum

223 868 408 929 Cetera
442 891 550 925 cum
583 889 758 938 magno
796 870 1014 922 Caesare
1046 869 1189 920 turba
1226 867 1374 928 facit3

154 1031 263 1071 tegra
285 1027 438 1069 vulgata
463 1023 611 1057 habere.
645 1026 792 1064 Petron.
817 1023 889 1056 Iu-

153 1092 290 1118 nonem
310 1090 432 1115 meam
452 1080 599 1114 iratam
615 1079 782 1111 habeam.
819 1080 889 1112 Se-

156 1140 238 1173 nec.
268 1139 383 1180 Epist.
415 1138 492 1171 101.
540 1134 656 1168 Iubeo
688 1137 723 1168 te
752 1135 890 1168 habere

155 1195 291 1228 bonam
302 1194 473 1235 mentem,
485 1192 519 1228 k,
533 1200 562 1223 e.
578 1189 769 1232 propitios
788 1191 889 1232 deos,

154 1259 250 1295 quos
277 1250 405 1282 habet'
424 1248 601 1291 placatos
638 1245 676 1277 et
704 1245 889 1288 faventeS,

154 1304 322 1348 quisquis
355 1304 426 1337 sibi
452 1299 693 1345 propitiavit.
754 1300 890 1331 Sensus

154 1363 230 1394 est:
255 1360 321 1393 ille
343 1367 413 1392 nec
434 1356 550 1391 sentit
575 1354 751 1388 exsilium
772 1356 831 1395 (se
853 1354 891 1386 in

156 1418 289 1450 exsilio
313 1417 434 1457 esse),
467 1421 535 1445 nec
558 1411 678 1443 litora
701 1409 891 1450 (iniquita-

156 1474 246 1510 tem)
269 1468 434 1511 Scythici
447 1466 572 1509 Ponti,
590 1474 658 1498 nec
670 1463 786 1497 sentit
806 1462 892 1495 ira-

158 1528 219 1561 tos
249 1529 339 1566 (se)
373 1523 512 1557 habere
540 1522 640 1554 deos.
687 1521 892 1562 pronomen

157 1592 199 1616 se
222 1584 259 1616 in
282 1579 505 1615 accusativis
529 1586 610 1610 cum
627 1576 758 1617 infinit,
780 1581 892 1615 saepe

158 1639 348 1672 omittitur.
392 1635 477 1668 Vid.
500 1635 587 1667 Met.
618 1634 670 1675 11,
699 1631 800 1673 599„
829 1630 892 1663 'ri-

157 1694 247 1726 bull.
272 1695 305 1735 Ι,
330 1694 366 1734 3,
388 1691 443 1723 27.
465 1689 526 1722 ubi
538 1689 610 1721 vid.
621 1687 781 1720 Huschk.
810 1686 893 1719 Vid.

158 1750 269 1782 etiam
299 1747 490 1780 Ruhnken.
512 1746 559 1777 ad
581 1743 692 1777 Rutil.
715 1752 751 1784 p.
774 1740 827 1774 41.
848 1756 894 1763 —

157 1804 238 1837 Bel.
262 1812 330 1845 pro
353 1813 390 1835 v.
412 1810 486 1835 scr.
506 1799 636 1833 sensit.

204 1892 259 1925 47.
292 1891 438 1924 Lethes.
481 1889 597 1923 Lethe
619 1889 676 1920 est
692 1886 822 1919 fluvius
835 1883 894 1917 in-

157 1947 338 1987 ferorum,
359 1946 452 1977 unde
464 1945 613 1976 umbrae
626 1943 896 1982 defunctorum,

158 2001 300 2034 inferos
323 2001 513 2041 adeuntes,
530 1997 811 2039 praeteritarum
832 2002 897 2027 re-

160 2066 243 2090 rum
275 2055 497 2088 oblivionem
525 2053 662 2085 bibunt.
714 2052 803 2085 Cum
832 2058 897 2082 so-

159 2121 264 2145 mnus
306 2117 447 2153 quoque
482 2107 701 2140 oblivionem
737 2107 898 2146 adferat,

162 2168 304 2200 Lethen
316 2163 573 2207 soporiferam
585 2162 784 2204 appellant.
815 2161 898 2193 Vid.

163 2225 252 2257 Met.
275 2224 343 2263 xl,
367 2222 444 2253 603.
489 2220 595 2269 Virg-
620 2220 664 2251 A.
686 2218 758 2259 VI,
780 2215 857 2248 714.

227 2311 263 2316 -—
280 2303 315 2314 —⁴
331 2309 366 2314 —
381 2309 416 2314 --
433 2292 558 2320 Lethaei
581 2291 619 2318 ad
642 2290 771 2319 fluminis
788 2289 898 2317 undam

231 2341 364 2371 Securos
387 2337 497 2366 latices
521 2339 552 2364 et
583 2337 675 2371 longa
706 2334 820 2363 oblivia
841 2341 899 2370 po-

565 2383 642 2408 tant.

164 2454 248 2486 Vid.
273 2454 333 2486 Tr.
358 2453 391 2493 Ι,
413 2451 450 2494 8,
475 2452 544 2494 36.,
568 2450 638 2491 lV,
662 2450 698 2490 9,
722 2450 768 2490 2.,
794 2447 897 2479 Pont.

167 2512 220 2552 ΙΙ,
243 2510 279 2551 4,
303 2510 372 2550 23„
395 2509 464 2549 IV,
490 2507 524 2550 1,
549 2507 602 2539 17.
627 2509 664 2537 et
693 2502 829 2543 Gierig.
850 2502 899 2532 ad

166 2566 255 2597 Met.
279 2565 368 2606 VII,
393 2564 467 2596 153.
512 2563 592 2595 Bel.
612 2569 680 2603 pro
695 2569 731 2591 v.
745 2566 816 2590 scr.
830 2565 898 2588 su-

167 2628 260 2654 mas.
372 2638 376 2641 -

192 2684 266 2728 48.
299 2695 424 2728 Abest.
473 2695 573 2727 Gott.
594 2692 712 2725 adest.
757 2691 901 2724 Medon.

169 2751 260 2784 abit.
315 2751 459 2783 Pirckh.
490 2750 634 2789 tempus
667 2748 782 2780 abest.
843 2748 903 2779 Pr.

169 2809 255 2840 Vat.
281 2807 424 2848 tempus
446 2805 566 2837 habet.
618 2804 746 2836 Scribe
776 2810 905 2835 sensus
970 2800 1044 2831 vet.

170 2863 286 2896 hebet.
334 2864 436 2895 Pont.
462 2862 529 2902 IV,
555 2860 590 2902 1,
614 2859 666 2891 17.

1021 1019 1067 1047 Da
1090 1017 1173 1051 mihi,
1197 1015 1224 1044 si
1247 1014 1320 1051 quid
1345 1021 1380 1042 ea
1412 1015 1469 1047 est,
1494 1011 1686 1039 hebetantem

1350 1060 1476 1094 pectora
1492 1055 1617 1083 Lethen.

955 1121 1104 1154 HfflNs.
1150 1118 1339 1159 Videmus,
1362 1117 1471 1157 unde,
1486 1121 1577 1156 quae
1592 1120 1688 1144 nunc

955 1186 1025 1219 pro
1047 1176 1199 1218 vulgata
1222 1167 1293 1216 es‘t,
1315 1172 1500 1213 scriptura
1513 1169 1620 1201 hebet
1642 1177 1687 1200 o-

958 1233 1111 1274 riginem
1133 1230 1277 1264 habeat.
1309 1225 1430 1261 Proba
1452 1227 1509 1257 est
1525 1224 1688 1264 scriptu-

958 1296 1002 1320 ra
1015 1294 1150 1318 sensus
1169 1284 1285 1325 abest,
1298 1285 1336 1315 et
1350 1279 1616 1322 comparationi
1634 1277 1690 1310 illi

961 1351 1041 1376 cum
1070 1340 1204 1375 Lethes
1235 1338 1418 1371 haustibus
1447 1325 1578 1378 aptior.
1628 1334 1690 1367 Sic

958 1398 1079 1430 metus
1107 1394 1224 1436 abest,
1255 1393 1369 1426 timor
1399 1392 1514 1425 abest.
1565 1391 1612 1423 V.
1636 1390 1689 1422 49.

959 1453 1039 1485 Rel.
1061 1459 1085 1483 a
1107 1450 1139 1483 1.
1161 1459 1206 1482 m.
1228 1456 1378 1482 vereor.
1579 1458 1581 1461 ⁴

1002 1520 1057 1552 50.
1085 1514 1282 1549 Sollicitas
1294 1511 1573 1546 vetustissimum
1587 1518 1691 1542 men-

959 1575 1042 1606 dum
1064 1572 1223 1606 omnium
1246 1570 1349 1602 codd.
1362 1571 1400 1601 et
1417 1570 1507 1600 vett.
1526 1568 1604 1599 edd.
1626 1575 1692 1598 us-

961 1638 1030 1671 que
1053 1629 1101 1661 ad
1123 1629 1195 1660 los.
1220 1624 1400 1666 scaligeri
1427 1626 1608 1663 tempora,
1632 1621 1693 1662 qui

958 1684 1094 1725 primus
1117 1679 1308 1714 sollicitae
1331 1678 1538 1720 corrigendi
1560 1679 1693 1710 auctor

958 1739 1039 1772 fuit.
1082 1736 1273 1770 Manus..
1618 1724 1621 1726 ’

1004 1795 1063 1826 Ita
1084 1790 1290 1824 sollicitam
1315 1789 1420 1823 viam
1441 1790 1475 1832 1,
1504 1789 1570 1832 11,
1601 1789 1633 1821 2.
1656 1789 1695 1820 et

959 1858 1045 1883 mox
1068 1859 1104 1882 v.
1126 1849 1181 1881 85.
1203 1845 1371 1879 sollicita
1392 1846 1509 1879 sedes.
1554 1844 1694 1877 Bmm.

954 1905 1164 1948 ,consti-ue:
1193 1903 1290 1935 Iure
1317 1901 1422 1934 Deae
1443 1922 1454 1932 .
1476 1923 1485 1931 .
1508 1923 1519 1933 .
1540 1898 1695 1932 comites

964 1984 973 1992 .
996 1985 1006 1992 .
1029 1982 1062 2002 .,
1095 1959 1135 1992 et
1165 1953 1533 2000 diqnatasflestiqia
1558 1953 1696 1986 nostra

962 2013 1067 2057 sequi
1087 2012 1236 2054 partim
1255 2013 1394 2053 pelago
1413 2008 1561 2050 partim
1584 2009 1712 2049 terra-

963 2071 1026 2103 vel
1045 2069 1135 2101 rate
1156 2069 1217 2100 vel
1237 2067 1343 2108 pede.
1377 2064 1585 2098 eamdem.
1618 2064 1694 2095 He-

963 2126 1063 2159 licon
1086 2132 1188 2156 mons
1212 2120 1401 2161 Boeotiae,
1423 2119 1462 2151 in
1484 2127 1554 2159 quo
1567 2120 1695 2150 Musa-

964 2190 1044 2214 rum
1065 2179 1171 2212 sedes
1195 2179 1233 2210 et
1254 2175 1450 2217 Pegasides
1472 2174 1600 2206 undae.
1624 2174 1696 2214 ΙΙΙ,

962 2238 999 2278 7,
1023 2235 1076 2268 15.
1120 2234 1204 2266 Vid.
1225 2232 1345 2265 Sti-ab.
1359 2231 1421 2263 IX.
1444 2239 1480 2270 p.
1502 2229 1592 2270 282„
1612 2229 1697 2270 Me-

963 2294 1047 2325 tam.
1068 2291 1119 2333 V,
1141 2291 1218 2322 255.
1251 2288 1326 2320 663.
1357 2287 1395 2318 et
1413 2285 1495 2317 not.
1517 2285 1563 2315 ad
1585 2282 1695 2316 Trist.

964 2348 1034 2389 IV,
1047 2346 1104 2388 10,
1118 2345 1193 2377 120.
1210 2343 1311 2375 —V.
1334 2342 1390 2373 52.
1415 2340 1512 2373 Gall.
1536 2339 1574 2372 et
1595 2339 1695 2370 rate.

963 2403 1011 2436 V.
1025 2403 1079 2435 53.
1107 2402 1163 2434 V1
1176 2395 1235 2441 a'p.
1257 2401 1376 2431 Burm.
1391 2395 1529 2439 faciles
1548 2393 1696 2426 saltem.

1009 2480 1063 2512 54.
1097 2477 1189 2511 Cum
1212 2475 1377 2509 Caesare
1397 2470 1515 2515 facit,
1550 2479 1571 2503 e
1601 2470 1697 2514 Cae-

964 2535 1059 2567 saris
1083 2535 1188 2574 parte
1210 2533 1307 2573 stat,
1329 2537 1455 2571 meque
1478 2526 1638 2560 deseruIt
1660 2524 1698 2557 e‘t

966 2591 1052 2623 odit.
1073 2591 1153 2622 Art.
1177 2590 1220 2621 A.
1243 2588 1312 2629 111,
1335 2585 1413 2618 ⁶762.

1035 2654 1109 2682 cum
1125 2651 1253 2681 Veneris
1279 2655 1373 2685 puero
1397 2654 1457 2675 non
1484 2646 1563 2674 male
1580 2645 1698 2674 Bacche

1367 2691 1454 2719 facis.

970 2744 1082 2778 Conf.
1098 2745 1130 2785 Ι,
1154 2744 1190 2785 2,
1214 2743 1268 2774 60.
1319 2742 1425 2772 Bern:
1456 2740 1493 2771 et
1521 2739 1610 2779 Reg.
1632 2736 1700 2779 fa-

1104 2798 1181 2831 Pal.
1213 2797 1244 2829 1.
1264 2798 1312 2828 —et
1341 2796 1397 2836 2.,
1419 2795 1498 2826 Put.
1521 2796 1559 2826 et
1579 2795 1615 2826 11
1638 2792 1700 2825 alii

972 2854 1094 2887 Heins-
1141 2850 1503 2886 Caesare—cetera.
