1846 3146
183 196 281 247 498

443 191 499 240 P.
535 185 756 239 ovmn
790 175 1103 233 NASONIS
1142 171 1484 235 ‘rms'rmM

185 319 251 381 Di
283 316 373 365 tibi
405 327 460 361 se
493 310 705 359 tribuant
738 320 844 355 cum
879 301 1094 352 Caesare
1126 310 1318 363 semper
1350 295 1562 343 amicos:

186 407 190 409 “
251 399 369 448 Non
402 395 557 462 potuit
589 396 754 440 votum
787 386 978 454 plenius
1014 397 1124 431 esse
1155 372 1322 429 meu'm.

185 483 326 532 Haec
367 493 499 527 meus
534 474 735 538 argutiS,
771 473 813 520 si
845 474 898 517 tu
931 471 1170 533 paterere,
1190 459 1390 510 -libellis

252 564 468 613 Poneret
502 561 551 606 in
584 556 731 604 multa
764 553 876 601 luce
909 548 1126 599 videnda
1159 545 1313 594 labor.

189 647 335 696 Nunc
354 638 543 708 quoque
561 655 631 700 se,
651 637 868 703 quamvis
886 638 961 682 est
977 634 1110 680 iussa
1128 629 1396 693 quiescere,
1424 622 1604 687 quinte
1637 617 1702 667 25

255 728 487 778 Nominet
516 725 739 780 invitum,
774 720 864 767 vix
897 731 1003 764 mea
1033 713 1176 761 Musa
1206 711 1354 758 tenet.

187 812 350 875 thue
384 820 550 857 canem
584 802 794 871 pavidae
828 803 1016 848 nactum
1049 795 1263 857 vestigia
1297 802 1478 839 cervae

254 883 534 943 Latrantem
567 887 748 936 frustra
770 877 956 949 'copula
991 879 1111 927 dura
1142 879 1300 934 tenet3

188 977 351 1041 thue
385 973 519 1022 fores
543 968 761 1027 *nondum
794 965 997 1014 reserati
1032 959 1245 1011 carceris
1271 959 1394 1004 'acer

256 1059 403 1108 Nunc
434 1054 577 1123 pede,
614 1065 742 1101 nunc
774 1051 883 1116 ipsa
917 1040 1093 1103 fronte,
1126 1040 1330 1090 lacessit
1365 1050 1544 1102 equus:

192 1194 297 1245 'sei-v.
321 1210 358 1241 et
383 1205 503 1239 Berol.
527 1203 583 1236 est
606 1202 782 1235 omittunt.
808 1215 850 1222 --
871 1199 918 1230 V.

191 1256 246 1298 ἐι.
280 1263 379 1296 nem.
408 1259 539 1292 amico.
573 1276 617 1282 -
648 1258 695 1289 v.
719 1255 772 1287 22.
812 1254 918 1286 Goth.

192 1328 272 1354 nec.
318 1317 446 1351 Dresd.
470 1324 537 1355 pro
561 1324 596 1346 v.
617 1321 689 1345 scr.
713 1319 789 1343 esse
808 1311 918 1341 tuum.

190 1377 238 1410 -V.
251 1376 306 1408 23.
326 1372 426 1406 Gall.
449 1370 521 1413 sed¹
538 1370 588 1401 tu.
634 1369 711 1400 Put.
726 1368 767 1399 tu
780 1365 822 1398 si.
843 1365 918 1398 Pal.
933 1375 936 1377 ’

194 1430 225 1463 1.
248 1432 286 1461 et
307 1430 443 1460 Bersm.
463 1424 628 1468 patiare.

222 1497 293 1540 ’25.
326 1505 439 1538 Nunc
462 1508 605 1545 quoque
633 1507 672 1531 se
701 1497 769 1529 etc.
824 1495 919 1528 Vul-

194 1566 281 1607 gata
305 1565 358 1600 (et
380 1561 434 1593 sic
457 1565 595 1600 quoque
620 1553 781 1594 scripto:

261 1625 348 1655 Nunc
378 1630 496 1660 quoque
520 1618 655 1656 quamvis
679 1619 726 1644 est
753 1616 811 1643 iam
837 1615 922 1643 iussa

592 1663 761 1706 quiescere.
878 1679 895 1706 β

196 1730 347 1764 Turbati
367 1726 507 1760 numeri
531 1723 611 1762 (i),
644 1723 743 1754 Unus
771 1719 856 1751 Vat.
885 1718 922 1750 et

197 1786 273 1820 Pal.
298 1785 327 1816 1.
350 1791 446 1825 qnae
468 1787 611 1822 quoque
626 1783 734 1808 nunc.
772 1774 921 1807 Scribo:

264 1859 303 1889 Se
328 1863 446 1893 quoque
473 1861 568 1887 nunc,
603 1842 739 1886 quambis
765 1850 812 1876 est
839 1848 922 1876 iussa

595 1900 762 1932 quiescere.

154 2011 156 2014 ,
198 1974 305 2018 „Vix
327 1981 367 2005 se
391 1971 489 2004 tenet
510 1976 593 2001 mea
615 1967 746 2005 Musa,
779 1960 867 2004 quin
891 1959 927 1991 te

200 2028 364 2064 nominet
407 2027 468 2058 vel
512 2023 681 2055 invitum.
691 2017 718 2037 “
780 2017 926 2049 chth.

199 2084 438 2120 Praetulimus
468 2089 490 2112 a
518 2075 703 2118 Naugerio
734 2081 753 2104 e
788 2070 928 2102 veteri-

199 2145 282 2183 bus,
303 2142 346 2172 ut
368 2139 439 2179 ait,
467 2134 570 2167 libris
593 2133 744 2164 summam
765 2128 802 2158 et
827 2125 928 2157 codd.

201 2201 352 2237 Bersm„
374 2191 496 2226 Berol.
521 2192 557 2222 et
573 2185 719 2220 Hercul.
737 2182 929 2215 confirma-

203 2258 276 2287 tam
306 2249 539 2291 scripturam:
577 2249 677 2274 nunc
709 2246 852 2281 quoque
880 2245 930 2277 se,

202 2304 373 2352 quamvis
397 2303 453 2335 est
475 2326 484 2334 .
513 2325 522 2333 .
567 2298 666 2334 Male
681 2296 772 2328 enim
785 2295 853 2325 hac
868 2299 931 2324 ra-

203 2365 303 2397 tione
336 2356 541 2392 sententiae
568 2362 619 2395 se,
645 2361 722 2385 cum
747 2353 779 2383 h.
800 2350 826 2382 l.
849 2348 932 2380 nul-

203 2420 276 2452 lam
310 2417 383 2449 vim
416 2413 569 2452 habeat,
606 2410 643 2441 in
674 2407 774 2440 initio
802 2411 932 2442 versus

203 2472 361 2515 ponitur.
425 2467 563 2502 Contra
591 2463 801 2496 adverbium
836 2466 934 2491 nunc

204 2529 277 2561 vim
300 2526 423 2565 habet,
456 2522 551 2563 quod
572 2519 662 2552 illis:
693 2516 726 2549 si
753 2516 934 2562 paterere

205 2608 214 2617 .
245 2604 284 2624 .,
318 2579 523 2621 opponitur.
589 2576 689 2608 vett.
723 2573 802 2604 edd.
835 2576 934 2600 nunc

206 2644 350 2681 quoque
361 2634 438 2667 iam
452 2630 621 2676 quamvis
633 2628 698 2662 est.
716 2628 847 2660 Franc.
856 2624 934 2656 tum

206 2699 359 2736 quoque.
403 2690 449 2723 V.
475 2688 528 2721 2⁷.
555 2688 660 2719 Bern.
684 2685 722 2717 et
743 2681 866 2716 Berol.
883 2677 933 2712 ti-

206 2747 339 2781 midae.

215 2844 217 2846 ·
251 2825 306 2859 28.
327 2820 564 2857 Latrantem.
584 2819 640 2851 Ita
651 2818 771 2867 serr„
784 2815 936 2852 Bersm.,

209 2879 337 2921 Goth,
368 2878 492 2919 Bern.,
521 2874 623 2926 Bel,
655 2871 783 2911 Crev.,
820 2867 937 2900 codex

1642 1028 1708 1079 30

985 1191 1163 1228 Demsteri
1191 1190 1228 1222 et
1256 1185 1424 1221 fortassis
1454 1191 1544 1216 unus
1565 1180 1628 1214 vel
1650 1179 1710 1211 al-

986 1252 1042 1283 ter
1055 1248 1174 1280 Heius.
1184 1232 1357 1275 *Bet-01¹.
1369 1238 1582 1272 lactantem.
1613 1233 1710 1266 Busl.

986 1294 1222 1337 lustrantem.
1286 1287 1431 1337 Reliqui
1466 1299 1589 1326 omnes
1631 1296 1712 1321 cum

985 1360 1077 1404 vettP
1100 1357 1177 1388 edd.
1202 1353 1426 1392 latrantem,
1467 1347 1559 1389 quod
1596 1352 1709 1377 revo-

985 1413 1085 1454 cavi;
1121 1418 1237 1451 neque
1257 1409 1458 1447 venatores
1487 1404 1574 1444 puto
1605 1400 1713 1432 oblo-

986 1471 1150 1501 cuturos:
1184 1473 1266 1497 nam
1295 1463 1375 1496 veri
1403 1467 1512 1493 canes
1540 1453 1714 1496 venatici,

987 1525 1080 1566 quod
1108 1523 1241 1562 sciam,
1269 1519 1301 1550 si
1329 1518 1421 1550 bene
1451 1511 1583 1546 morati
1615 1505 1715 1550 sunt3

985 1586 1102 1620 neque
1131 1578 1271 1610 latrant
1304 1578 1418 1612 neque
1453 1568 1641 1601 luctantur
1678 1564 1716 1596 in

989 1635 1143 1675 copula,
1175 1638 1284 1663 canes
1312 1629 1469 1660 braccae
1490 1625 1624 1662 autem,
1647 1627 1717 1652 ve-

987 1691 1098 1732 stigia
1121 1690 1264 1727 nactae,
1286 1683 1407 1715 statim
1427 1679 1574 1711 latrant.
1609 1675 1716 1707 Fru-

989 1747 1085 1786 stra,
1102 1744 1196 1785 quod
1215 1737 1420 1773 offendebat
1434 1735 1526 1766 alios
1540 1733 1712 1771 interpp„

990 1808 1080 1841 opus
1104 1799 1179 1838 est,
1209 1797 1249 1827 ut
1271 1792 1385 1826 simile
1407 1791 1528 1830 aptum
1550 1787 1621 1828 sit,
1649 1794 1717 1817 ne-

991 1863 1058 1897 que
1082 1854 1204 1894 video,
1228 1850 1309 1891 quid
1332 1846 1523 1887 displicere
1544 1842 1660 1884 possit
1682 1840 1719 1872 in

995 1910 1178 1944 oratione:
1204 1904 1342 1946 copula
1356 1902 1456 1934 dura
1478 1905 1607 1930 canem
1626 1895 1718 1939 fru-

994 1968 1082 1999 stra
1104 1964 1164 1996 vel
1187 1960 1253 1993 vim
1277 1955 1387 1998 tenet,
1408 1954 1471 1995 vel
1493 1953 1638 1985 retinet.

1039 2045 1092 2077 29.
1127 2035 1314 2074 Carceris.
1357 2031 1535 2067 usitatior*
1555 2030 1611 2060 est
1635 2027 1720 2069 plu-

995 2100 1084 2133 ralis
1107 2098 1209 2130 huius
1231 2090 1406 2130 nominis,
1435 2087 1467 2119 si
1489 2086 1544 2117 est
1566 2092 1634 2125 pro
1656 2089 1721 2114 re-

995 2151 1152 2194 pagulis,
1176 2149 1300 2190 quibus
1322 2140 1406 2185 equi
1429 2142 1464 2173 in
1482 2140 1598 2172 stadio
1611 2146 1722 2170 coer-

997 2209 1189 2246 cebantur3
1233 2204 1298 2235 sed
1330 2201 1429 2233 Naso
1465 2197 1535 2228 hoc
1571 2193 1724 2226 verbum

996 2271 1106 2304 saepe
1129 2261 1251 2302 posuit
1271 2253 1522 2297 singulariter,
1544 2251 1584 2281 ut
1595 2249 1645 2290 V,
1665 2247 1722 2287 12,

997 2321 1066 2362 26„
1089 2319 1176 2351 Met.
1198 2317 1246 2357 X,
1271 2313 1362 2352 652„
1386 2310 1465 2342 Art.
1488 2307 1531 2338 A.
1557 2306 1626 2346 111,
1648 2300 1724 2335 595.

998 2377 1045 2409 al.
1068 2391 1112 2398 ·--
1134 2373 1240 2412 Virg.
1263 2364 1310 2402 A.'
1329 2367 1381 2407 V,
1404 2363 1479 2396 145.

1063 2463 1097 2468 -
1113 2463 1147 2468 -
1162 2446 1313 2478 ruuntque
1330 2437 1416 2471 effusi
1441 2441 1562 2465 carcere
1584 2437 1698 2461 currus.

1000 2520 1087 2552 Met.
1111 2519 1163 2558 11,
1184 2514 1260 2548 154.

1066 2591 1147 2621 Solis
1165 2588 1233 2624 equi
1253 2600 1427 2613 .......
1445 2577 1611 2607 hinnitibus
1637 2578 1726 2602 auras

1066 2633 1268 2665 Flammiferis
1284 2628 1420 2663 implent,
1435 2623 1621 2660 pedibusque
1637 2623 1727 2652 repa-

1243 2688 1247 2691 *
1394 2670 1466 2706 gula
1481 2666 1613 2703 pulsant.

1002 2750 1123 2782 Fores
1145 2754 1219 2778 non
1242 2739 1407 2776 reserati
1426 2731 1606 2771 carceris.
1651 2730 1727 2763 Re-

981 2794 989 2800 '
1002 2802 1135 2844 pagula
1158 2801 1194 2832 in
1218 2799 1325 2833 Circo
1349 2798 1511 2829 Romano
1530 2789 1639 2831 igitur
1655 2792 1730 2818 non

1004 2857 1272 2892 dimittebantur
1300 2854 1363 2886 aut
1395 2846 1639 2884 tollebantur-3
1663 2839 1728 2873 sed
