1846 3146
178 193 276 241 264

424 190 480 238 P.
517 189 740 240 ov1D11
774 167 1090 239 NAsoMs
1124 188 1465 239 TRISTIUM

180 312 536 379 Nempe-quod
570 312 651 361 hio
685 312 810 372 alte,
839 312 1096 361 demissius
1129 313 1218 361 ille
1251 311 1478 361 volabat:
1499 326 1526 359 ·.
1546 347 1559 360 .
1577 348 1590 360 .
1609 348 1621 360 .

244 397 373 446 Nam
406 412 591 463 pennas
627 395 767 444 ambo
802 411 900 444 nou
931 395 1146 445 habuere
1179 411 1308 443 suas.
1453 381 1465 397 ’

178 479 346 534 Crede
385 479 514 540 mihi,
550 479 678 527 bene
712 480 794 543 qui
826 478 982 538 latuit,
1019 478 1145 528 bene
1177 480 1321 538 vixit,
1357 482 1410 527 et
1441 478 1568 526 intra
1641 476 1707 525 25

242 564 510 614 Fortunam
546 562 696 615 debet
729 564 932 627 quisque
966 576 1162 611 manere
1195 578 1342 610 suam.

177 724 269 748 vero
294 723 399 756 quum
423 713 526 746 nimis
549 713 624 745 alte
637 713 800 755 volaret,
823 720 910 750 cera
932 746 933 750 ,

174 771 264 802 solis
289 771 415 802 calore
437 769 651 810 liquefacta,
669 768 706 800 in
721 777 821 802 mare
833 771 909 801 Ae-

173 835 304 868 gaeum
328 833 445 867 prope
468 825 645 866 insulam,
674 826 783 857 Samo
814 825 909 857 vici-

177 892 282 925 nam,
319 881 475 923 decidit,
517 881 671 921 indeque
707 887 752 911 ea
789 880 909 911 insula

175 940 316 982 Icaria,
346 945 448 969 mare
482 938 603 968 autem
636 935 795 967 vicinum
824 936 908 966 Ica-

174 995 267 1027 rium
311 994 536 1034 appellatum
586 993 652 1023 est.
727 990 911 1023 Daedalus

173 1050 300 1081 salvus
313 1050 348 1080 in
359 1048 520 1080 Siciliam
545 1046 724 1087 pervenit.
755 1046 850 1085 Hyg.
869 1045 910 1077 F.

174 1105 231 1146 4.,
262 1105 435 1145 Apollod.
470 1105 532 1141 ΙΙΙ.
564 1111 595 1137 c.
629 1101 697 1142 15„
731 1101 835 1141 virg,
868 1102 910 1132 A.

174 1162 246 1201 VI,
289 1160 367 1205 14,
396 1162 543 1192 Metam.
573 1159 683 1199 VIII,
709 1156 783 1188 183.
811 1163 908 1198 seqq.

176 1217 283 1250 Conf.
307 1216 415 1249 Trist.
439 1218 471 1258 I,
496 1215 531 1257 1,
555 1215 609 1250 90.

219 1295 272 1330 23.
305 1293 452 1347 Kempe
475 1291 723 1325 confirmantis
747 1292 824 1331 est,
858 1289 911 1321 ita

176 1352 237 1392 ut,
271 1351 317 1382 ad
347 1357 452 1390 quem
483 1356 666 1383 conversa
695 1347 815 1380 oratio
840 1348 911 1387 est,

174 1414 252 1442 rem
279 1405 485 1441 concedere
507 1402 733 1444 significetur
759 1404 822 1433 aut
844 1409 911 1432 ex-

174 1463 385 1503 spectetur-3
423 1466 468 1490 ac
497 1458 710 1501 plerumque
739 1460 824 1498 post
855 1457 912 1488 in-

178 1516 472 1558 terrogationes,
509 1515 546 1545 et
581 1520 692 1553 saepe
728 1521 801 1544 non
835 1511 913 1543 sine

176 1573 296 1604 ironia
320 1574 365 1604 ‘et
392 1570 595 1612 acerbitate
623 1569 782 1611 ponitur.
827 1569 909 1600 Me-

179 1630 263 1667 tam.
287 1629 389 1669 XIII,
413 1627 466 1659 93.

242 1703 324 1731 Ecce
351 1701 455 1732 ferunt
479 1699 574 1727 Troes
599 1698 772 1734 ferrumque
790 1698 908 1733 ignem÷

576 1751 634 1779 que
651 1742 815 1778 Iovemque

242 1791 277 1819 ln
295 1791 416 1819 Danaas
436 1790 567 1817 classes:
597 1787 647 1815 ubi
665 1795 746 1815 nunc
764 1787 911 1816 facundus

577 1833 706 1860 Ulixes?

242 1879 355 1914 Nempe
377 1886 432 1914 ego
452 1877 534 1905 mille
561 1885 628 1904 meo
653 1877 771 1911 protexi
789 1878 913 1912 pectore

512 1947 519 1951 -
576 1929 712 1957 puppes,

243 1967 333 2003 Spem
351 1966 446 1995 vesu-i
464 1965 590 1997 reditus.

178 2040 276 2071 Fast.
298 2039 349 2080 ιι,
373 2038 447 2073 667.

245 2112 335 2146 Quid,
378 2118 456 2139 nova
497 2118 563 2142 cum
595 2110 705 2137 fierent
740 2109 911 2144 Capitolia?

355 2181 361 2185 .
578 2155 690 2190 Nempe
709 2154 833 2181 deorum

296 2200 412 2229 Cuncta
433 2199 501 2229 Iovi
525 2199 618 2228 cessit
639 2199 729 2235 turba
755 2197 915 2231 locumque

578 2243 672 2271 dedit.

180 2294 312 2328 Tibuu.
335 2293 385 2334 11,
409 2292 445 2334 3,
468 2292 522 2327 27.

245 2368 339 2396 Delos
358 2366 410 2393 ubi
428 2373 518 2399 nunc,
538 2365 670 2398 Phoebe,
697 2368 747 2392 tua
774 2364 842 2391 est?
866 2363 917 2390 ubi

578 2409 727 2443 Delphica
747 2409 867 2443 Pytho?

296 2454 410 2493 Nempe
429 2452 521 2482 Amor
538 2454 568 2480 in
587 2461 680 2488 parva
699 2456 730 2481 te
747 2453 832 2480 iubet
850 2459 917 2485 esse

581 2505 661 2526 casa.

181 2559 284 2599 Virg.
311 2558 449 2598 Georg.
472 2558 539 2598 111,
562 2556 639 2588 298.

248 2632 327 2668 Quid
352 2631 487 2666 iuvenis,
522 2638 663 2667 magnum
687 2630 735 2662 cui
759 2631 863 2658 versat
885 2628 916 2660 in

580 2675 699 2703 ossibus
719 2674 819 2709 ignem

247 2723 348 2750 Durus
364 2721 471 2749 amor?
497 2719 611 2755 Nempe
636 2720 772 2754 abruptis
796 2719 916 2747 turbata

579 2766 723 2800 procellis

246 2811 340 2839 Nocte
358 2813 443 2839 natat
461 2818 551 2841 caeca
569 2818 655 2838 serus
678 2810 770 2843 freta,
789 2812 847 2837 etc.

182 2883 286 2915 conf.
310 2882 418 2914 Trist.
442 2883 512 2922 ιιι,
545 2881 587 2921 7,
619 2880 687 2921 41„
711 2880 761 2921 v,
784 2882 820 2921 ³,
844 2880 915 2919 δα,

975 714 1063 747 Her.
1085 713 1164 755 vl,
1200 712 1291 754 144„
1318 712 1413 754 vn,
1443 711 1533 752 141„
1566 710 1631 751 IX,
1654 707 1708 740 61.

975 768 1047 810 7o.,
1069 769 1192 809 xvn,
1214 768 1315 810 223„
1337 768 1425 809 xx,
1458 764 1539 808 93.',
1584 766 1709 811 Amor.

977 825 1045 866 111,
1069 825 1105 865 7,
1128 824 1199 866 47.,
1222 825 1309 856 Hor.
1339 823 1452 864 Epist.
1477 824 1510 864 1,
1550 821 1607 863 10,
1638 821 1710 866 22.,

976 880 1053 912 Sat.
1078 881 1128 922 ΙΙ,
1151 881 1187 922 7,
1209 881 1264 913 80.
1287 881 1326 912 et
1346 880 1378 921 Ι,
1402 878 1459 920 10,
1483 877 1514 910 1.

1020 935 1164 968 Pirckh.
1194 937 1232 968 et
1265 936 1322 967 ed.
1357 936 1493 975 Bonon.
1531 932 1710 966 dimissus

979 989 1121 1022 atille.
1174 991 1305 1023 Dresd.
1336 991 1375 1022 et
1403 989 1499 1022 Gall.
1531 988 1711 1021 demissus

979 1046 1018 1077 et
1039 1045 1115 1078 ille.
1171 1047 1301 1087 Bern.,
1334 1043 1411 1077 Pal.
1440 1052 1496 1085 pr.
1531 1042 1712 1076 demissus

978 1100 1055 1133 ille.

1023 1180 1075 1212 14.
1111 1179 1260 1214 Pennas
1286 1186 1362 1210 non
1383 1177 1418 1209 Ιι.
1441 1185 1542 1211 suas.
1595 1177 1707 1209 Bent-

976 1235 1070 1267 leius
1101 1236 1147 1267 ad
1171 1236 1259 1267 Hor.
1283 1235 1347 1267 Od.
1369 1235 1418 1276 11,
1453 1233 1512 1275 20,
1542 1232 1595 1264 13.
1619 1240 1711 1264 con-

978 1291 1095 1332 iungit
1119 1299 1194 1323 non
1216 1298 1317 1331 suas,
1340 1298 1373 1330 q.
1397 1297 1430 1326 e.
1450 1297 1526 1320 non·
1545 1287 1711 1319 natura-

979 1346 1046 1386 123,
1069 1345 1132 1377 vel
1162 1347 1202 1377 ut
1231 1346 1322 1377 Hor.»
1341 1345 1405 1378 Od.
1429 1346 1461 1385 1,
1492 1344 1535 1384 3,
1567 1343 1620 1374 35.
1648 1341 1710 1373 lo-

979 1402 1114 1444 quitur,
1136 1409 1211 1432 non
1227 1399 1365 1432 homiui
1380 1399 1503 1435 datas,
1537 1397 1712 1439 SicVirg‚

980 1456 1115 1496 Georg.
1140 1457 1189 1497 Π,
1214 1455 1269 1488 82.

1045 1528 1255 1564 Miranturque
1274 1537 1368 1558 novas
1386 1513 1511 1557 frondes
1529 1530 1562 1556 et
1578 1534 1640 1555 non
1657 1530 1713 1555 sua

1375 1580 1474 1608 poma.

978 1628 1123 1660 Metam.
1154 1629 1228 1670 111,
1267 1627 1347 1661 2⁰3.
1377 1627 1422 1660 de
1450 1602 1640 1659 Actaeone
1672 1624 1709 1656 in

979 1691 1127 1716 cervum
1150 1684 1306 1722 mutato:

1044 1773 1079 1778 —
1095 1773 1129 1777 -
1144 1773 1179 1777 —
1195 1772 1229 1777 —
1246 1754 1450 1791 lacrimaeque
1466 1762 1522 1797 per
1539 1761 1594 1783 ora

1048 1802 1114 1831 Non
1132 1810 1187 1831 sua
1204 1803 1364 1831 fluxerunt.

978 1874 1066 1906 Her.
1101 1873 1215 1915 XIV,
1250 1872 1305 1904 90.
1336 1872 1381 1903 de
1414 1872 1456 1903 10
1490 1869 1528 1902 in
1560 1874 1715 1901 vaccam

979 1931 1134 1962 mutataz
1201 1950 1205 1951 γ
1562 1973 1564 1977 ι

1046 2002 1226 2038 Cornuaque
1253 2003 1285 2031 in
1318 2002 1426 2039 patriis
1460 2007 1521 2028 non
1549 2006 1605 2028 sua
1636 1997 1715 2027 vidit

1374 2045 1472 2081 aquis.

980 2112 1052 2144 Sed
1075 2112 1108 2142 h.
1131 2111 1156 2142 l.
1180 2118 1253 2142 non
1277 2112 1380 2142 recte
1402 2109 1564 2151 iungitur
1577 2108 1710 2150 verbo,

980 2174 1050 2207 quo
1081 2166 1155 2197 fert
1186 2165 1337 2207 positio:
1374 2173 1462 2197 nam
1496 2163 1603 2195 ambo
1640 2171 1715 2194 non

981 2223 1145 2255 habuere
1167 2222 1265 2263 alas,
1288 2230 1384 2264 quae
1404 2218 1593 2263 propriae
1622 2217 1716 2259 ipsis

983 2287 1031 2312 ac
1054 2279 1255 2311 naturales
1278 2277 1411 2316 essent.

1027 2359 1082 2392 25.
1117 2357 1219 2389 Bene
1241 2353 1304 2397 qui
1321 2353 1449 2386 latuit.
1494 2356 1600 2397 Rem,
1623 2361 1717 2396 quae

983 2413 1064 2447 fieri
1085 2413 1198 2454 solet,
1220 2414 1261 2444 ut
1283 2412 1417 2447 factam
1430 2410 1608 2450 enuntiat,
1620 2408 1715 2449 quod

984 2470 1097 2511 vulgo
1133 2468 1370 2509 praeteritum
1413 2474 1496 2499 cum
1527 2462 1717 2506 potestate

982 2526 1145 2561 solere
1192 2523 1390 2564 appellant.
1460 2519 1658 2561 Imprimis·
1679 2517 1715 2549 in

984 2579 1317 2622 comparationibus
1369 2578 1541 2618 frequens
1585 2572 1716 2608 oratio.

982 2639 1071 2676 Hor.
1093 2636 1206 2676 Epist,
1229 2636 1262 2675 Ι,
1286 2634 1343 2675 17,
1378 2632 1431 2666 10.

1048 2711 1112 2740 Nec
1129 2710 1206 2739 vixit
1223 2708 1311 2742 male,
1337 2707 1388 2742 qui
1412 2707 1501 2733 natus
1524 2704 1716 2739 moriensque

1379 2749 1499 2778 fefellit.

982 2823 1050 2856 Ubi
1073 2823 1144 2855 vid.
1168 2821 1330 2855 Lambin.
1377 2819 1544 2853 ceterum
1557 2819 1614 2850 est
1625 2818 1714 2859 Epi-

983 2878 1061 2910 curi
1082 2878 1172 2910 illud
1196 2872 1292 2908 λάθε
1313 2870 1458 2917 βιώσας.
