1846 3146
213 238 247 286 4
700 221 1246 290 PRoLEGoMENA.

212 368 352 400 rerum
379 358 425 400 vi
453 361 581 414 atque
609 364 760 401 natura
790 359 1055 416 diversisque
1085 374 1229 403 earum
1257 360 1486 414 generibus
1507 373 1623 403 more
1637 362 1742 417 phi-

211 430 480 484 losophorum
510 431 809 486 disputaretur,
841 433 994 486 quales
1019 439 1118 474 sunt
1144 433 1237 473 libri
1264 434 1317 472 de
1339 432 1651 485 Consolatione,
1680 436 1733 475 de

210 502 432 554 Amicitia,
472 504 524 543 de
554 503 744 556 Officiis,
776 502 857 544 alii.
914 503 1070 545 Obstat
1098 504 1237 545 eidem
1271 517 1378 546 usus
1411 518 1578 560 quoque
1606 511 1734 560 atque

211 561 474 616 consuetudo
499 575 707 629 Nasonis,
739 574 861 616 cuius
893 581 992 615 sunt
1011 576 1102 616 libri
1127 576 1345 628 Amorum,
1365 576 1607 627 Fastorum,
1626 577 1730 617 Me-

209 647 527 698 tamorphoseon
571 641 614 688 et
652 647 733 687 alii.
802 645 897 688 Vid.
928 646 1135 702 Scaliger.
1171 649 1333 690 Poetic.
1370 649 1419 688 L.
1454 650 1526 688 III.
1566 661 1603 689 c.
1641 648 1731 690 123.

210 724 254 759 et
286 719 393 774 126„
422 719 497 760 VI.
529 730 566 759 c.
583 715 632 759 ‘'7.
702 719 821 760 Vera
848 718 977 772 igitur
1006 724 1049 760 et
1075 719 1210 772 ipsius
1238 721 1430 762 Nasonis
1458 720 1605 760 horum
1635 733 1733 761 car-

208 791 365 831 minum
393 789 612 843 inscriptio
640 789 809 830 videtur
851 802 952 830 esse
983 791 1085 830 libri
1115 792 1318 832 Tristium
1373 793 1446 833 vel
1474 792 1647 847 potius,
1685 798 1731 832 ut

208 875 234 902 e
264 863 419 903 ceteris
447 867 712 903 vetustorum
740 863 935 902 librorum
956 861 1299 915 inscriptionibus
1327 864 1597 916 probabiliter
1626 876 1733 904 con-

209 934 404 988 cluditur,
441 935 644 974 Trislium
673 935 786 983 libri,
820 938 862 973 et
891 946 974 973 non
1003 936 1054 974 de
1087 935 1309 974 Tristibus.

319 1045 414 1097 Quo
437 1050 626 1098 tempore
645 1044 798 1085 Tristia
828 1045 1065 1097 composita
1094 1050 1138 1084 et
1167 1043 1281 1085 edita
1306 1044 1406 1099 sint,
1439 1043 1609 1086 disertis
1633 1042 1733 1099 qui-

208 1116 305 1157 dem
334 1116 479 1156 verbis
508 1122 637 1170 poeta
676 1129 758 1156 non
788 1116 988 1169 prodidit3
1027 1129 1174 1156 verum
1214 1117 1322 1157 satis
1359 1117 1474 1157 clara
1504 1116 1545 1156 in
1574 1117 1626 1158 iis
1661 1130 1733 1157 re-

205 1188 421 1242 periuntur
451 1188 655 1243 vestigia,
688 1201 798 1242 quae
833 1188 1073 1241 diligentius
1111 1193 1422 1241 persequentes
1450 1200 1533 1228 non
1570 1189 1704 1229 solum
1711 1218 1730 1238 ,

205 1273 287 1314 quo
318 1266 508 1313 tempore
547 1265 681 1299 totum
717 1260 946 1300 carminum
986 1271 1168 1311 corpus,
1215 1258 1294 1299 sed
1337 1259 1465 1299 etiam
1500 1272 1581 1313 quo
1619 1273 1732 1300 armo

204 1333 361 1386 singuli
390 1332 481 1372 libri
511 1331 698 1371 confecti
727 1336 771 1371 et
808 1331 991 1371 absoluti
1027 1331 1134 1385 sint,
1182 1343 1331 1372 eruere
1370 1337 1413 1371 et
1450 1331 1506 1372 ad
1534 1331 1732 1385 liquidum

204 1405 426 1457 explorare
454 1415 698 1456 possumus.
766 1402 855 1443 Sed
877 1403 1015 1455 paullo
1035 1403 1159 1444 altius
1177 1401 1456 1455 repetendum
1477 1408 1557 1444 est.
1604 1404 1731 1445 Trist.

202 1476 250 1529 1.,
284 1475 352 1530 11,
386 1475 407 1515 1
437 1499 494 1506 —-
520 1474 561 1515 6.

381 1564 506 1597 Litera
518 1571 753 1605 quaecunque
765 1567 822 1598 est
833 1567 912 1597 toto
931 1564 995 1597 tibi
1006 1563 1107 1596 lecta
1120 1563 1247 1596 libello
1271 1562 1347 1604 (sc.
1369 1563 1495 1604 primo
1511 1563 1732 1606 Tristium),

425 1620 491 1653 Est
513 1619 599 1651 mihi
620 1620 806 1653 sollicitae
828 1623 993 1661 tempore
1014 1620 1116 1651 facta
1138 1619 1233 1651 viae.

380 1677 456 1708 Aut
479 1675 574 1707 hanc
597 1683 669 1717 me,
692 1675 814 1717 gelido
839 1678 1031 1707 tremerem
1055 1682 1136 1707 cum
1158 1683 1281 1707 mense
1302 1675 1511 1717 Decembri,

425 1730 654 1762 scribentem
678 1730 803 1762 mediis
827 1731 965 1762 Hadria
985 1730 1078 1761 vidit
1099 1730 1215 1772 aquis,

379 1785 454 1817 Aut
476 1788 668 1826 postquam
691 1787 865 1818 bimarem
889 1794 998 1818 cursu
1019 1785 1269 1824 superavimus
1290 1786 1466 1828 Isthmon,

423 1839 625 1881 Alteraque
647 1842 703 1873 est
725 1843 874 1873 nostrae
896 1842 1015 1872 sumta
1038 1839 1164 1871 carIna
1186 1841 1307 1881 fugae.

199 1915 237 1956 Ε
268 1928 350 1970 quo
381 1917 567 1957 carmine
597 1922 790 1971 apparet,
821 1917 1044 1957 Nasonem
1074 1921 1147 1956 aut
1175 1916 1253 1956 sub
1283 1916 1411 1957 finem
1438 1918 1600 1959 mensis
1625 1918 1724 1959 No-

198 1988 411 2042 vembris,
456 1993 502 2028 ut
538 1989 617 2028 iter
655 2001 732 2041 per
770 1988 914 2040 plures
956 1987 1048 2027 dies
1080 1988 1407 2039 tempestatibus
1447 1995 1491 2030 et
1528 1989 1728 2030 adversis

197 2060 341 2100 ventis
371 2064 445 2100 aut
472 2060 567 2100 aliis
598 2059 768 2100 caussis
805 2064 986 2099 tractum
1023 2064 1067 2098 et
1102 2057 1347 2110 impeditum
1385 2060 1469 2114 sit,
1520 2066 1594 2100 aut
1632 2061 1728 2113 ipso

197 2131 370 2171 ineunte
398 2143 548 2172 mense
576 2130 804 2171 Decembri
833 2142 935 2170 esse
963 2130 1016 2169 ab
1045 2129 1161 2171 Urbe
1190 2130 1427 2182 profectum
1462 2132 1727 2186 patriamque

196 2203 433 2257 reliquisse.
492 2202 574 2243 Cui
603 2202 782 2255 tempori
811 2206 1064 2255 congruunt,
1096 2206 1213 2241 certe
1242 2213 1326 2241 non
1353 2210 1595 2256 repugnant
1621 2205 1723 2245 reli-

197 2275 283 2330 qui,
313 2273 427 2315 unde
457 2274 511 2314 de
540 2280 731 2327 tempore
762 2273 1005 2314 coniectura
1034 2278 1117 2327 est,
1148 2272 1240 2312 libri
1267 2273 1389 2325 primi
1416 2274 1526 2329 loci,
1571 2277 1640 2330 qui
1667 2275 1726 2316 ad

196 2345 384 2388 siderum
413 2352 530 2387 ortus
559 2352 603 2387 et
632 2357 817 2387 occasus
844 2345 1068 2398 pertinent.
1124 2344 1292 2385 Primus
1321 2351 1390 2386 est
1417 2346 1453 2400 Ι,
1484 2347 1527 2402 4,
1560 2347 1596 2387 1.
1604 2376 1620 2402 ,
1650 2347 1723 2388 ubi

197 2417 253 2459 de
281 2418 560 2473 navigatione
590 2429 670 2459 sua
698 2418 741 2458 in
768 2417 876 2458 mari
902 2417 1020 2456 Ionio
1051 2415 1190 2457 canit:

371 2507 561 2550 Tinguitur
583 2514 723 2540 oceano
746 2507 870 2539 custos
892 2506 1174 2547 Erymanthidos
1197 2506 1314 2538 Ursae
1337 2522 1380 2529 —

196 2582 359 2624 Custos
387 2584 526 2625 Ursae
555 2589 625 2624 est
651 2583 859 2624 Arcturus
889 2581 1010 2634 (Vid.
1039 2583 1216 2635 interpp.
1245 2581 1300 2622 ad
1329 2581 1368 2622 h.
1404 2582 1481 2636 1.),
1518 2580 1630 2635 quod
1657 2581 1721 2621 si-

195 2653 277 2695 dus
314 2660 489 2696 auctore
519 2649 754 2696 Columella
790 2655 841 2697 L.
872 2655 945 2696 XI.
982 2667 1018 2695 c.
1049 2653 1086 2694 1.
1114 2653 1152 2693 2.
1191 2653 1345 2694 occidit
1373 2654 1447 2694 IV.
1478 2652 1569 2694 Cal.
1598 2652 1714 2692 Nov.

195 2725 320 2767 Conf.
349 2726 456 2766 Plin.
490 2727 546 2767 H.
574 2727 632 2767 N.
670 2727 828 2769 XVIII.
868 2738 903 2766 c.
940 2725 1007 2767 31.
1077 2726 1190 2766 Hinc
1224 2726 1432 2766 Arcturus
1477 2724 1604 2764 etiam
1641 2736 1717 2776 pro
1751 2770 1778 2790 1,

194 2803 421 2839 auctumno
457 2798 625 2851 ponitur
664 2803 707 2838 et
754 2803 943 2850 tempore
982 2803 1284 2851 tempestatum
1331 2809 1384 2838 ac
1425 2796 1715 2850 procellarum.

194 2855 314 2911 Alter
342 2870 462 2913 locus
491 2876 561 2912 est
588 2870 713 2912 Trist.
741 2870 777 2924 1,
810 2869 879 2924 11,
913 2869 965 2911 13
990 2891 1047 2899 —
1077 2869 1139 2913 16.
