1846 3146
590 203 1134 257 PROLEGOMENA.
1590 209 1623 256 5

284 330 403 370 Saepe
424 336 493 371 ego
515 327 686 361 nlmbos1s
708 327 836 360 dubius
856 328 1021 361 iactabar
1041 328 1088 360 ab
1110 327 1267 369 nocam

327 384 447 424 Saepe
468 383 588 416 minax
609 384 785 424 Steropes
806 383 927 415 sidere
948 385 1081 424 pontus
1104 386 1201 424 erat,

282 439 532 479 Fuscabatque
553 438 646 471 diem
668 441 793 471 eustos
814 437 1094 478 Erymanthidos
1116 439 1247 478 Ursae,

327 495 402 527 Aut
421 495 571 535 Hyadas
591 493 712 525 saevis
733 496 889 525 auxerat
910 495 1046 526 Auster
1066 492 1180 533 aquis.

109 568 247 610 Hoedi
283 568 338 610 ad
374 569 579 609 rationem
611 567 897 610 Romanorum
934 567 989 608 de
1024 567 1210 609 siderum
1247 574 1344 609 ortu
1378 575 1423 610 et
1459 582 1620 612 occasu

108 641 347 682 oriebantur
362 652 511 681 mense
527 634 703 681 octobri
720 640 787 692 (V
786 639 840 680 id.
856 639 1019 680 Colum.
1047 640 1120 680 XI.
1140 651 1176 681 c.
1201 640 1258 695 2.,
1280 640 1404 682 Serv.
1425 641 1481 682 ad
1498 643 1619 697 Virg.

107 712 215 752 Aen.
236 704 319 766 IX,
347 711 483 764 668),
513 717 557 752 et
584 710 835 752 occidebant
863 712 943 752 sub
971 710 1154 751 medIum
1173 711 1464 753 Decembrem.
1521 713 1618 755 vid.

49 788 53 792 ²
107 784 285 837 interpp.
322 781 379 823 ad
406 783 527 837 virg.
565 784 591 824 ι.
627 784 676 838 1.,
714 783 821 824 pun.
856 783 911 822 H.
938 783 996 823 N.
1023 783 1180 824 xvm.
1210 796 1247 825 ο.
1274 784 1342 826 31.
1398 785 1619 839 Vergiliae

107 853 229 908 (nam
257 855 439 907 Sterope
475 860 545 895 est
582 867 667 895 una
708 868 734 895 e
771 853 1037 909 pleiadibus,
1077 868 1188 909 quae
1226 868 1253 897 a
1290 856 1455 898 Latinis
1491 859 1618 898 etiam

105 926 257 967 Latino
285 926 450 966 nomine
486 926 700 976 Veryiliae
726 925 956 978 vocantur)
986 926 1238 967 occidebant
1265 927 1336 966 ΠΙ.
1365 934 1439 968 aut
1454 928 1529 970 VI.
1556 929 1616 970 Id.

107 997 221 1038 Nov.
278 996 374 1039 Vid.
401 997 508 1038 Plin.
535 997 590 1036 H.
618 997 674 1037 N.
703 998 755 1037 Π.
785 1009 823 1038 c.
850 997 940 1052 47„
984 998 1141 1039 XVIII.
1171 1012 1208 1040 c.
1235 998 1291 1038 25
1313 1020 1374 1029 -—-
1399 999 1467 1040 31.
1477 1029 1493 1055 ,
1523 1001 1618 1042 Ve-

104 1074 193 1122 get.
238 1067 292 1109 de
319 1068 387 1110 Re
425 1069 542 1111 milit.
569 1068 643 1110 IV.
680 1081 719 1109 c.
746 1067 814 1109 39.
821 1097 837 1123 ,
884 1067 1047 1110 Colum.
1075 1070 1150 1111 XI.
1179 1083 1216 1111 c.
1244 1069 1284 1111 2.
1339 1071 1547 1127 Hyadae,
1591 1087 1619 1113 a

104 1139 267 1181 Latinis
295 1140 422 1180 etiam
449 1139 636 1181 Suculae
664 1141 920 1195 appellatae,
950 1140 1203 1182 occidebant
1230 1143 1310 1183 sub
1338 1142 1497 1184 initium
1525 1145 1618 1185 De—

105 1211 299 1252 cembris.
361 1210 458 1253 Vid.
488 1210 650 1252 Colum.
677 1212 702 1252 l.
731 1213 757 1252 l.
786 1217 831 1252 et
856 1211 961 1253 Plin.
990 1213 1146 1254 XVIII.
1176 1225 1214 1254 c.
1241 1212 1309 1255 31.

210 1282 311 1323 Pari
336 1281 461 1323 modo
490 1295 625 1323 annus
652 1282 879 1338 invenitur,
909 1295 991 1338 quo
1010 1290 1139 1338 poeta
1159 1296 1186 1325 a
1205 1283 1399 1328 Caesare
1417 1287 1618 1341 Augusto

102 1353 320 1408 relegatus
358 1359 403 1394 et
438 1354 482 1394 in
509 1354 701 1395 exsilium
729 1355 949 1408 profectus
977 1361 1070 1410 est,
1106 1354 1162 1396 de
1198 1369 1283 1410 qua
1317 1369 1367 1397 re
1402 1359 1617 1412 gravissi-

102 1437 200 1465 mus
227 1430 297 1465 est
322 1425 443 1466 locus
470 1425 513 1465 in
541 1426 727 1466 carmine
755 1426 811 1466 ad
838 1427 1028 1481 Brutum,
1057 1427 1178 1467 Pont.
1206 1428 1286 1482 IV,
1314 1427 1359 1482 6,
1392 1428 1432 1468 5.
1460 1429 1517 1483 6.,
1547 1430 1617 1469 ubi

101 1480 279 1539 mo'rtem
308 1495 533 1549 deplorans
560 1496 683 1537 Fabii
718 1498 895 1538 Maximi
930 1504 974 1538 et
1001 1497 1206 1539 Caesaris
1234 1498 1446 1553 Augusti,
1490 1513 1616 1553 quem

102 1562 308 1608 mortuum
336 1573 507 1609 constat
532 1581 572 1609 a.
600 1568 652 1609 U.
681 1567 732 1609 C.
760 1567 1055 1610 Dcchxvn.
1089 1581 1127 1609 a.
1157 1568 1195 1609 d.
1224 1570 1341 1611 XIV.
1372 1570 1464 1610 Cal.
1494 1571 1613 1624 Sept.

101 1637 223 1691 (vid.
251 1638 332 1678 Dio
358 1638 471 1680 LVI.
499 1651 537 1680 c.
563 1638 631 1681 30.
659 1645 704 1680 et
736 1640 913 1694 interpp.
950 1639 1007 1681 ad
1034 1640 1167 1681 Tacit.
1196 1640 1348 1682 Annal.
1377 1642 1408 1682 1.
1438 1655 1475 1684 c.
1502 1642 1543 1683 5.
1572 1649 1616 1685 et

0 1699 3 1702 ’
34 1699 65 1764 “-
100 1709 165 1763 9.)
193 1709 259 1751 sic
285 1710 451 1751 scribit:

276 1799 319 1830 In
341 1797 493 1838 scythia
511 1798 616 1831 nobis
639 1798 872 1840 quinquennis
894 1799 1081 1841 Olympias
1102 1804 1189 1833 aeta
1209 1803 1290 1841 θείς»

320 1854 394 1885 Im
414 1855 554 1895 tempus
575 1854 683 1887 lustri
706 1855 835 1887 transit
855 1855 893 1887 in
913 1854 1077 1888 alterius.

102 1929 151 1968 In
176 1927 246 1968 illo
271 1927 401 1982 igitur
426 1929 627 1984 carmine,
656 1929 768 1984 quod
795 1931 952 1984 aliquot
978 1931 1195 1973 mensibus
1213 1938 1313 1986 post
1338 1932 1494 1974 obitum
1518 1935 1613 1974 Au—

101 2001 218 2055 gusti
245 2006 290 2041 et
316 2000 439 2041 Fabii
464 2000 641 2041 Maximi
668 2006 737 2042 est
762 2003 983 2057 scriptum,
1012 2003 1096 2043 iam
1124 2004 1306 2058 quinque
1336 2010 1449 2045 totos
1477 2018 1612 2047 annos

98 2070 143 2113 in
177 2073 327 2114 exsilio
364 2083 467 2113 sese
507 2073 774 2126 transegisse
813 2074 971 2115 scribit.
1037 2073 1319 2115 Confirmatur
1354 2075 1452 2116 illud
1479 2078 1611 2117 altero

98 2144 303 2198 carmine,
331 2143 453 2183 Pont.
480 2144 559 2197 IV,
590 2143 670 2198 13,
701 2145 914 2198 aliquanto
949 2152 1048 2199 post
1075 2148 1334 2201 composito,
1374 2147 1416 2186 in
1445 2160 1527 2200 quo
1557 2148 1611 2190 de

99 2213 169 2256 illo
195 2215 239 2256 in
265 2214 422 2255 obitum
448 2214 635 2268 Augusti
662 2217 847 2257 carmine
874 2217 940 2258 sic
967 2217 1095 2258 habet
1124 2217 1251 2269 (Vss.
1277 2218 1334 2260 37
1349 2217 1530 2271 —40.):

273 2304 391 2343 Atque
411 2302 555 2344 aliquis,
576 2304 716 2337 scribas
739 2306 830 2338 haec
851 2292 937 2337 cuin⁸
953 2307 998 2337 de
1021 2306 1196 2348 caesare,
1218 2306 1323 2349 dixit,

318 2357 485 2390 caesaris
506 2358 656 2401 imperio
678 2360 920 2409 restituendus
943 2369 1035 2393 eras-

274 2411 342 2444 me
365 2412 504 2453 quidem
526 2413 630 2456 dixit,
651 2416 716 2447 sed
738 2423 795 2446 me
817 2415 901 2457 iam,
923 2416 1035 2458 Care,
1056 2414 1169 2447 nivali

318 2466 432 2499 Sexta
452 2468 653 2510 relegatum
675 2469 800 2501 bruma
821 2470 888 2501 sub
909 2477 978 2502 axe
1001 2470 1111 2503 videt.

209 2540 277 2581 Ex
304 2542 372 2581 illo
400 2542 527 2596 igitur
554 2543 820 2584 Ponticorum
847 2544 942 2585 loco
961 2552 1144 2601 constat,
1173 2547 1399 2588 Nasonem
1421 2560 1531 2588 anno
1556 2549 1607 2591 U.

22 2619 26 2621 “
99 2609 151 2651 C.
179 2608 453 2667 DCCLXII„
484 2619 527 2654 et
555 2627 610 2654 ex
637 2615 689 2655 iis
693 2644 712 2665 ,
744 2628 852 2668 quae
879 2627 1008 2668 supra
1037 2615 1250 2669 disputata
1284 2625 1407 2673 sunt,
1457 2633 1607 2661 mense

0 2845 61 3146 Ξ

101 2682 333 2723 Novembri
361 2689 435 2724 aut
462 2684 575 2724 initio
604 2682 852 2726 Decembris
880 2686 922 2726 in
950 2687 1142 2728 exsilium
1172 2700 1272 2729 esse
1305 2690 1551 2742 profectum.

210 2753 351 2795 Natus
380 2753 558 2797 Ovidius
587 2762 655 2797 est
682 2768 720 2798 a.
748 2757 800 2797 U.
829 2756 878 2797 C.
908 2757 1127 2813 DCCXL,
1166 2759 1277 2814 quod
1304 2760 1398 2814 ipse
1427 2767 1607 2803 testatur

95 2823 224 2864 ‘Ti-ist.
252 2825 330 2878 IV,
363 2825 429 2879 10,
459 2826 499 2866 5.
