1846 3146
165 175 266 225 254

406 172 462 223 P.
498 128 722 224 ovmn
748 166 1073 226 ,NASONIS
1108 155 1451 224 TRISTIUM

168 295 278 348 Sed
311 298 417 346 sine
450 295 703 346 funeribus
731 299 877 361 caput
906 294 1017 356 hoc,
1052 297 1159 344 sine
1175 295 1362 346 honore
1379 295 1596 362 sepulcri
1626 294 1693 344 45

231 379 596 445 Indeploratum
630 378 836 429 barbara
868 383 1000 428 terra
1034 378 1209 442 teget?

166 461 380 527 Ecquid,
421 461 505 511 ubi
539 461 771 523 audieris,
808 466 912 511 tota
941 462 1200 513 turbabere
1233 468 1423 527 mente,-

235 545 304 594 Et
335 545 488 594 feries
522 543 707 610 pavida
741 550 944 611 pectora
977 545 1076 594 fida
1108 542 1284 593 manu?
1474 529 1478 533 ⁴

167 627 379 693 Ecquid,
413 629 465 676 in
496 625 585 675 has
620 627 803 677 frustra
835 626 1042 677 tendens
1076 631 1160 675 tua
1191 626 1393 676 brachia
1426 630 1609 693 parteS,

238 709 486 761 Clamabis
520 712 684 758 miseri
716 726 890 760 nomen
921 713 1065 759 inane
1096 711 1195 759 viri
1210 709 1236 758 2

1631 711 1696 761 5⁰

171 794 333 844 Parce
366 798 525 842 tamen
559 793 783 843 lacerare
818 809 995 859 genas,
1031 808 1124 842 nec
1158 791 1330 842 scinde
1364 792 1600 858 capillos:

237 877 356 926 Non
389 877 479 928 tibi
511 892 639 926 nunc
671 878 887 943 primum,
921 877 1011 926 lux
1043 892 1165 939 mea,
1199 880 1367 941 raptus
1403 889 1520 937 ero;

235 1041 270 1046 -—
286 1040 320 1045 --
335 1039 370 1045 —-
386 1040 420 1046 —-
438 1026 579 1053 labuntur
596 1024 708 1060 frigida
726 1025 788 1052 leto

238 1069 374 1098 Lumina.

170 1140 256 1173 vid.
279 1141 397 1172 Burm.
421 1139 467 1170 ad
490 1139 569 1170 Art.
594 1139 637 1171 A.
661 1139 732 1180 ΙΙΙ,
766 1138 840 1170 742.
865 1141 902 1170 et

112 1215 114 1217 >
170 1198 218 1229 ad
241 1196 350 1236 prop.
374 1195 444 1235 1v,
468 1193 525 1234 11,
549 1191 601 1224 64.

216 1271 359 1305 Gondet
381 1272 456 1304 Pal.
482 1271 511 1303 1.
518 1293 533 1313 ,
562 1271 657 1311 Put.,
686 1278 778 1301 unus
802 1271 903 1313 Vat.,

169 1337 251 1360 exc.
273 1328 399 1370 Voss.,
423 1327 538 1368 Leid.,
557 1328 651 1367 1un.,
665 1326 769 1367 Reg„
781 1327 903 1369 Serv„

169 1385 223 1417 XI
252 1383 316 1415 alii
338 1384 482 1424 Heins,
516 1383 571 1413 ed.
601 1390 656 1422 pr.
680 1384 717 1413 et
739 1383 903 1423 reliquae

170 1442 284 1482 vett.,
320 1431 448 1479 Bern.,
478 1437 597 1469 Berol.
629 1439 666 1470 et
698 1439 827 1470 Dresd.
860 1455 900 1460 —-

169 1498 256 1538 seg.
280 1496 318 1527 et
342 1494 450 1527 Crev.
475 1501 559 1524 cum
582 1493 667 1535 det,
701 1501 732 1533 q.
757 1500 788 1524 e.
812 1501 903 1524 con-

170 1551 245 1583 det.
291 1550 387 1583 Busl.
411 1549 561 1580 condat.
614 1548 758 1589 Reliqui
793 1549 904 1580 clau-

170 1607 252 1649 det,
283 1608 461 1647 perpetua.
490 1604 617 1635 horum
646 1604 844 1635 verborum
868 1604 904 1635 in

171 1662 359 1695 codicibus
388 1659 582 1692 varietate.
631 1660 714 1691 vid.
744 1661 788 1691 ad
819 1660 905 1691 Her.

169 1721 211 1762 Ι,
246 1718 320 1751 113.
390 1716 461 1749 Sed
492 1715 641 1748 Ovidius
670 1715 785 1747 verbo
813 1722 905 1746 con-

170 1774 263 1806 dere
317 1771 545 1813 frequentius
596 1773 710 1804 utitur
754 1771 791 1802 in
838 1772 905 1803 hac

170 1836 228 1870 re,
259 1835 365 1869 quam
395 1827 590 1868 claudere,
629 1831 666 1860 et
695 1826 904 1868 exquisitius

171 1885 239 1914 est.
306 1882 388 1913 Vid.
418 1883 503 1914 Her.
535 1884 573 1924 1,
607 1883 705 1924 113.,
738 1884 791 1923 X,
814 1881 905 1923 120.,

170 1940 252 1972 Art.
275 1939 319 1970 A.
348 1938 418 1978 111,-
449 1937 525 1968 742.
557 1954 599 1958 ——
629 1939 800 1971 Ceterum
827 1947 905 1970 mos

169 1994 266 2035 apud
299 1994 448 2034 yeteres
483 1995 589 2034 erat,
634 1996 673 2025 ut
713 1994 904 2034 propinqui

170 2049 264 2090 eius,
288 2047 349 2089 qui
372 2048 610 2090 exspirasset,
631 2051 689 2080 ter
709 2049 786 2081 alta
809 2057 903 2081 voce

169 2104 367 2138 inclamato
396 2104 562 2146 nomine,
592 2104 720 2136 oculos
752 2105 914 2136 claude--

170 2161 266 2193 rent.
319 2159 404 2191 vid.
440 2158 545 2200 Virg.
581 2148 671 2191 Aen.
705 2160 778 2200 ix,
811 2159 903 2202 487„

170 2216 305 2248 Donat.
338 2215 385 2246 ad
417 2214 500 2246 mer.
533 2214 622 2246 Eun.
656 2216 714 2257 ΙΙ,
749 2215 791 2257 3,
827 2216 902 2258 56.,

171 2270 280 2303 Guth.
310 2271 354 2301 de
390 2271 476 2302 Iure
513 2270 675 2302 Manium
708 2267 736 2302 Ι.
767 2278 797 2302 c.
828 2271 903 2312 13„

170 2325 332 2358 Kirchm.
366 2326 411 2357 de
443 2327 535 2358 Fun.
571 2327 674 2357 Rom.
720 2327 747 2357 1.
793 2335 825 2358 c.
871 2327 902 2358 6.

154 2380 278 2426 Ὶ(Βοιιῖ.
307 2382 412 2414 Hom.
441 2381 506 2415 Od.
536 2383 608 2423 XI,
646 2382 743 2425 426„
767 2382 904 2424 XXIV,

170 2436 248 2467 295.
299 2437 404 2469 Alius
437 2438 519 2469 erat
554 2437 693 2469 clamor
714 2446 904 2479 supremus

171 2491 209 2524 in
238 2491 325 2532 ipsis
363 2493 548 2525 funeribus
585 2494 773 2526 combusto
808 2501 903 2534 rogo

171 2546 259 2578 vale
280 2548 367 2580 vale
388 2549 492 2590 vale,
526 2549 571 2580 de
595 2557 666 2590 quo
689 2550 761 2582 vid.
785 2550 902 2589 Heyn.

171 2602 218 2632 ad
231 2602 336 2643 Virg.
360 2604 403 2636 A.
428 2605 500 2647 111,
523 2604 575 2637 68.
599 2607 637 2638 et
658 2605 902 2656 Kirchm3111.

172 2664 204 2689 c.
227 2656 259 2688 8.

217 2745 271 2780 46.
304 2744 614 2790 Indeploratum,
649 2750 690 2781 ut
719 2749 806 2781 Met.
834 2748 902 2789 XI,

172 2804 265 2846 6⁷⁰„
293 2804 454 2836 fortasse
483 2803 529 2835 ab
555 2802 693 2836 nvidio
728 2803 901 2835 novatum

171 2859 338 2901 verbum,
360 2862 402 2892 ut
422 2859 496 2892 alia
520 2859 623 2892 huius
645 2858 791 2901 generis
813 2866 901 2899 per-

968 1027 1091 1058 multa.
1142 1026 1226 1058 Vssd.
1249 1026 1295 1056 ad
1318 1025 1357 1064 Ι,
1379 1026 1421 1068 5,
1444 1026 1497 1058 28.
1523 1042 1568 1048 -
1592 1027 1700 1058 Bern.

970 1082 1094 1114 turba.
1141 1082 1248 1115 Crcv.
1269 1081 1356 1120 inde
1382 1081 1540 1122 plorent
1561 1089 1698 1113 omnes.

1017 1160 1070 1191 47.
1091 1156 1238 1199 Ecquid
1249 1156 1320 1189 ubi.
1342 1157 1700 1200 ItaPlurimiHeins.,

971 1216 1109 1257 Guelf.,
1132 1212 1273 1254 Berol.,
1296 1213 1403 1253 seg„
1430 1213 1526 1244 Busl.
1550 1216 1587 1244 et
1609 1216 1700 1246 vett.

970 1270 1047 1301 edd.
1070 1271 1219 1309 praeter
1241 1269 1378 1299 Bonon.
1398 1276 1443 1289 —-·
1458 1267 1537 1299 Pol.
1549 1268 1597 1310 2.,
1621 1270 1700 1301 Iun.

969 1326 1006 1356 et
1028 1325 1123 1356 VIII
1152 1323 1215 1355 alii
1243 1322 1391 1364 Heius„
1421 1322 1548 1362 quibus
1577 1324 1698 1366 Rern„

970 1380 1078 1413 Crev.
1108 1382 1145 1411 et
1174 1379 1302 1411 Dresd.
1332 1378 1535 1421 accedunt,
1569 1379 1702 1421 ecquid

968 1435 1022 1476 ut,
1046 1436 1141 1475 quod
1165 1434 1262 1465 dedit
1289 1433 1479 1475 Heinsius,
1507 1438 1699 1476 grassatus
1766 1454 1770 1456 -

972 1490 1078 1522 etiam
1100 1490 1135 1520 in
1157 1488 1375 1529 particulam
1396 1487 1471 1530 ubi,
1495 1496 1598 1529 quam
1618 1490 1701 1530 plus

973 1549 1115 1590 centum
1144 1544 1237 1576 locis
1272 1546 1410 1575 temere
1439 1544 1556 1575 eiecit.
1611 1545 1702 1577 Nam

973 1609 1039 1631 cur
1067 1599 1100 1630 h.
1128 1599 1154 1630 l.
1183 1598 1320 1630 rectius
1350 1599 1493 1630 dicatur
1514 1598 1568 1645 ut)
1597 1607 1701 1639 quam

971 1654 1046 1693 nbi,
1068 1654 1224 1694 intelligi
1246 1662 1319 1686 non
1342 1655 1474 1694 potest.
1526 1654 1610 1687 vid.-
1632 1656 1701 1697 IV,

974 1711 1017 1752 3,
1052 1709 1106 1741 21.
1138 1712 1175 1741 et
1203 1711 1249 1741 ad
1278 1710 1363 1741 Her.
1385 1710 1469 1750 XV,
1492 1709 1522 1741 1.
1541 1727 1586 1733 —-
1603 1712 1700 1754 put„

974 1766 1085 1807 Gall„
1107 1765 1332 1807 PIrckh.,IV
1355 1764 1419 1796 alii
1439 1764 1561 1796 Heius.
1584 1767 1622 1797 et
1643 1767 1700 1797 ed.

973 1821 1133 1863 Bonon.,
1165 1821 1294 1854 Dresd.
1327 1821 1364 1852 et
1386 1819 1465 1852 Bel.
1487 1818 1554 1851 hec
1575 1819 1700 1852 simul.

972 1878 1067 1909 Mor.
1091 1883 1114 1907 a
1138 1876 1169 1909 1.
1190 1885 1235 1909 m.
1265 1876 1339 1908 hac
1366 1873 1498 1917 simul,
1527 1882 1552 1907 a
1573 1872 1613 1916 s2.
1635 1874 1703 1907 laec

971 1931 1095 1964 simul.

1015 2010 1068 2042 48.
1103 2008 1270 2041 Pectora
1288 2005 1381 2049 fida.
1426 2007 1461 2038 II
1484 2005 1604 2038 Heius.
1626 2012 1701 2036 nu-

971 2064 1033 2095 da.
1077 2066 1174 2096 Mor.
1206 2063 1360 2095 moesta.
1427 2063 1524 2094 Mor.
1559 2058 1702 2101 efficies

968 2133 1013 2140 —-
1027 2118 1187 2157 postera
1209 2118 1264 2156 (ἰ)
1287 2117 1400 2149 nuda.
1446 2115 1566 2149 Bel-ol.
1582 2115 1703 2158 feries

967 2172 1109 2212 panda.

1013 2238 1067 2270 49.
1101 2239 1188 2269 Her.
1209 2237 1257 2279 X,
1280 2236 1355 2269 145.

1034 2299 1097 2328 nas
1126 2301 1191 2335 tibi,
1215 2300 1387 2340 plangendo
1413 2298 1554 2336 lugubria
1580 2301 1704 2334 pectora

1083 2387 1195 2419 Infelix
1213 2389 1304 2418 tendo
1329 2345 1510 2417 ιτέἰίξέιῗὲιι
1527 2389 1619 2424 longa
1637 2395 1704 2416 ma-

1365 2441 1437 2462 nus.-

971 2503 1075 2537 Conf.
1098 2503 1187 2534 Hor.
1211 2495 1280 2539 Οᾱζ
1299 2504 1367 2545 IV,
1390 2505 1426 2545 5,
1456 2502 1510 2535 19.
1527 2518 1573 2525 —-
1589 2501 1702 2543 Gall„

970 2559 1114 2591 Pirckh.
1149 2560 1187 2590 et
1218 2559 1346 2591 Dresd.
1379 2556 1568 2600 numquid.
1634 2557 1700 2589 Ed.

968 2615 1106 2645 Bouon.
1143 2612 1214 2645 heu
1252 2613 1351 2654 quid.
1395 2614 1547 2654 Plures,
1592 2611 1699 2643 etiam

969 2669 1077 2703 Crev.
1100 2668 1137 2700 et
1159 2668 1261 2710 quid,
1284 2669 1430 2710 vulgari
1445 2674 1585 2700 errore.
1619 2667 1699 2699 Gu-

968 2725 1045 2766 elf.,
1069 2725 1185 2766 Leid.,
1209 2724 1321 2766 Gall„
1342 2724 1474 2756 Franm
1502 2724 1540 2755 et
1562 2723 1618 2754 ed.
1641 2728 1706 2763 pr.

967 2780 1087 2821 Heius.
1101 2779 1237 2811 tendes.
1275 2778 1372 2810 Busl.
1385 2777 1516 2810 tendas
1527 2768 1695 2820 frustra.

1011 2856 1065 2895 521.
1098 2854 1247 2888 Scinde-
1290 2856 1367 2888 Pal.
1393 2855 1423 2888 1.
1445 2858 1483 2889 et
1506 2863 1597 2888 unus
1609 2855 1694 2888 Vnt.
