1846 3146
174 177 237 223 52

413 166 470 214 P.
507 157 727 212 0V1D11
762 145 1075 214 NASONIS
1109 131 1450 192 TRISTIUM

180 294 376 358 Fingite
411 302 486 336 me
521 284 717 346 dignum
751 276 838 325 tali
873 285 1022 321 nece:
1059 281 1156 315 non
1190 275 1286 325 ego
1320 255 1456 306 solus

244 378 344 429 Hie
376 370 560 422 vehor:
595 362 855 413 immeritos
890 371 976 405 eur
1010 365 1116 400 mea
1147 358 1310 413 poena
1338 333 1522 388 trahit?

185 463 283 512 Pro
318 455 481 522 superi
515 446 799 508 viridesque
834 440 932 499 dei,
968 434 1139 501 quibus
1173 438 1387 490 aequora
1420 429 1583 477 curae,

248 543 466 603 Utraque
501 537 594 582 iam
626 533 821 579 vestras
853 523 1012 571 sistite
1045 514 1185 564 turba
1218 510 1398 564 minas3

254 663 310 691 Est
335 658 474 687 mandata
498 652 562 682 suis
585 648 701 685 aliquid
724 650 847 681 sperare
866 649 917 670 se-

589 696 703 732 pulcra.

192 774 317 816 Vulg.,
327 772 416 804 vett.
429 760 508 801 edil.
531 772 671 806 omnes,
693 763 785 802 Put.‚
799 759 922 798 serv„

195 832 292 873 nel„
316 830 400 869 Seg.
423 833 447 856 a
468 825 503 856 2.
525 830 570 854 m.

259 905 301 934 Et
317 902 459 931 mandare
477 896 540 926 suis
557 894 659 929 aliqua
686 894 717 919 et
734 895 858 927 sperare
875 894 926 916 se-

592 938 739 974 pulcrum.
810 945 813 948 >

199 1021 299 1053 Unus
330 1016 427 1048 vaes
452 1010 583 1053 aliqua
612 1011 773 1047 sperare
801 1000 932 1042 sepul-

141 1115 148 1119 *
200 1081 284 1108 cra.
307 1087 338 1093 -—
373 1069 495 1110 Goth„
522 1065 602 1099 Bel.
631 1071 653 1095 a
684 1062 705 1093 2
728 1068 789 1101 m.,
811 1059 934 1097 Bern.,

203 1131 288 1170 Seg.
313 1135 336 1159 a
361 1125 390 1158 1.
414 1133 483 1166 m.,
514 1120 657 1160 Berol.,
685 1118 792 1157 Reg.,
822 1111 935 1152 Gall„

203 1188 315 1226 Mor„
337 1180 449 1222 Busl.,
471 1177 587 1217 Leid.,
610 1172 748 1213 Guelf„
772 1167 937 1207 Pirekh.,

204 1239 283 1273 Pal.
305 1238 336 1270 2.
361 1237 399 1267 et
420 1234 488 1266 XII
510 1231 574 1264 alii
595 1228 738 1261 Heins.:
760 1225 797 1257 et
812 1220 938 1255 mand.

207 1304 239 1327 s.
270 1289 417 1333 aliquid
458 1287 494 1319 et
533 1293 590 1325 sp.
621 1282 847 1323 sepulcrum.
896 1289 941 1297 ·--

211 1349 334 1388 Crem,
366 1352 447 1376 exc.
477 1343 608 1382 Voss„
637 1339 770 1372 Franc.
801 1335 838 1365 et
859 1331 941 1363 for-

210 1408 310 1437 tasse
333 1400 441 1433 etiam
464 1398 519 1429 ed.
541 1405 598 1437 pr.
621 1390 760 1427 Heinsii
783 1388 821 1420 et
840 1393 888 1418 m.
912 1392 942 1415 s.

209 1456 360 1501 aliquid
395 1459 558 1494 sperare
594 1447 823 1488 sepulcrum.
867 1441 944 1473 Pal.

213 1517 245 1548 2.
269 1515 306 1546 et
328 1513 363 1544 11
384 1509 447 1542 alii
468 1506 589 1540 Heius.
614 1504 651 1536 et
672 1511 721 1534 m.
740 1510 769 1532 s.
791 1494 947 1540 aliquod

191 1578 274 1612 κερ.
318 1566 549 1607 sepulcrum.
616 1553 832 1591 Dresdensis
871 1548 949 1583 ali-

218 1634 303 1669 quo.
352 1624 430 1654 Iun.
460 1616 636 1659 aliquem.
692 1612 840 1645 Falsam
870 1612 951 1637 esse

220 1677 359 1713 Heinsii
382 1675 616 1715 scripturam,
641 1669 742 1701 certe
754 1672 858 1698 nemo
884 1662 952 1693 du-

220 1736 323 1768 bitat.
369 1732 467 1764 Vett.
490 1729 607 1760 libros
635 1723 770 1756 habere
792 1715 954 1752 videmus

224 1789 358 1831 aliqua
379 1785 417 1817 et
446 1791 546 1824 sper.
551 1804 566 1824 ,
600 1776 748 1820 aliquid
776 1775 813 1807 et
840 1779 956 1813 sper„

226 1848 264 1877 et
294 1839 440 1883 aliquid
469 1845 572 1878 sper.
595 1835 825 1876 sepulcrum.
870 1826 958 1861 Mihi

227 1906 319 1931 vera
340 1895 484 1928 videtur
506 1892 705 1932 scriptura:

291 1959 333 1989 Et
349 1957 492 1985 mandare
518 1955 582 1984 suis
607 1951 738 1987 aliquid,
765 1954 889 1985 sperare
908 1953 959 1974 se—

627 1997 766 2033 pulcrum
783 2008 817 2013 —-

232 2068 269 2099 et
292 2063 382 2097 illud
405 2059 456 2102 et,
478 2058 573 2100 quod
595 2053 741 2097 plurimi
765 2052 868 2084 codd.
880 2049 964 2091 post

230 2118 378 2163 aliquid
399 2113 590 2161 exhibent,
625 2111 747 2142 natum
787 2114 807 2138 e
841 2105 966 2146 glossa

232 2185 323 2210 esse.
369 2172 508 2207 contra
523 2169 616 2200 hanc
629 2165 848 2206 scripturam
862 2162 966 2193 Mer-

234 2234 299 2267 kel
328 2231 483 2272 quatuor
513 2226 602 2256 haec
638 2218 847 2262 oppossuit:
889 2214 968 2256 pri-

236 2295 330 2320 mum
352 2280 554 2316 desiderari
575 2278 681 2310 fidem
704 2273 879 2306 criticam.
920 2269 970 2301 At

238 2341 328 2376 satis
349 2344 515 2379 magnam
526 2334 662 2366 habere
676 2329 848 2362 videmus.
879 2325 971 2358 Nam

239 2397 332 2430 illud
371 2390 592 2427 Merkelium
636 2385 752 2427 fugit,
798 2379 902 2415 eodd'.
935 2378 973 2410 et

242 2450 379 2486 Heinsii
401 2450 439 2480 et
461 2454 547 2478 suos
570 2446 607 2475 et
631 2442 711 2474 edd.
732 2439 823 2471 vett.
849 2440 972 2468 omnes

243 2508 378 2542 habere
399 2501 632 2543 sepulcrum,
654 2503 744 2537 non,
767 2494 807 2525 ut
828 2491 906 2532 ipse
930 2497 973 2521 o-

246 2562 459 2606 pinabatur,
491 2554 682 2595 sepulcra.
732 2546 871 2581 Deinde
909 2551 979 2583 op-

248 2618 367 2662 posuit
395 2616 509 2654 idem,
539 2603 740 2641 desiderari
766 2602 803 2634 in
835 2607 880 2631 ea
910 2605 980 2629 nu-

248 2681 370 2708 meros
391 2667 610 2705 Ovidianos,
641 2663 715 2694 tum
748 2653 981 2698 elegantiam,

248 2730 432 2772 postremo
478 2723 600 2763 aptam
641 2713 876 2750 Sententiam.
926 2709 982 2740 De

249 2782 421 2823 numeris,
443 2778 526 2812 mihi
548 2782 621 2807 non
646 2772 740 2805 citra
758 2765 916 2805 Nasonis
939 2769 983 2793 e-

247 2838 442 2881 legantiam
454 2833 646 2871 videntum
669 2827 772 2861 certe
790 2823 827 2856 in
849 2823 918 2871 liae
939 2824 983 2851 re

1644 452 1743 544 oo

985 638 1119 681 aliquid
1141 634 1325 678 affirmare
1347 627 1411 660 aut
1427 631 1496 667 pro
1516 620 1620 654 certo
1635 619 1715 650 sta-

987 700 1106 735 tuere,
1131 688 1278 724 difficile
1289 686 1357 717 est.
1403 673 1638 715 constructio
1661 670 1718 704 est

989 747 1133 791 aliquid
1139 766 1160 788 ,-
1193 740 1379 775 mandare
1410 732 1488 767 suis
1524 723 1719 770 aliquid,

991 811 1080 838 sane
1101 807 1178 834 non
1200 798 1350 838 elegans
1372 790 1539 830 videtur,
1565 784 1631 818 sed
1651 788 1721 814 nec

992 860 1092 893 Naso
1127 857 1202 887 tam
1229 849 1458 891 ineleganter
1493 843 1551 875 est
1588 841 1722 880 loquu-

994 916 1077 955 tus,
1106 911 1169 942 sed
1192 904 1410 947 interposita
1437 902 1494 933 est
1521 894 1726 931 sententiae

997 977 1084 1011 pars
1107 958 1187 1008 illa,
1208 957 1550 1006 fatoque-humo,
1573 959 1644 993 quo
1659 948 1728 982 illa

1000 1022 1150 1057 durities
1172 1027 1247 1052 non
1274 1022 1404 1059 parum
1424 1010 1622 1051 mitigatur.
1663 1007 1729 1037 In-

1001 1082 1123 1121 eptum
1154 1076 1289 1115 autem,
1311 1058 1407 1112 qu'od
1439 1067 1569 1111 quarto
1600 1064 1638 1095 et
1659 1069 1730 1103 po-

1002 1138 1138 1169 stremo
1166 1131 1252 1163 loco
1284 1124 1418 1159 obiecit
1439 1119 1602 1156 Merkel:
1637 1112 1734 1155 Quid

1003 1186 1116 1222 militi
1138 1189 1355 1218 concessum
1374 1177 1466 1223 fuit,
1487 1174 1577 1218 quin
1601 1168 1735 1205 ovidio

1004 1241 1140 1292 patria
1183 1234 1379 1272 excedenti
1420 1240 1495 1266 non
1542 1220 1735 1262 licuisset?

1008 1302 1047 1332 et
1081 1296 1220 1338 fugisse
1256 1302 1338 1327 eum
1371 1290 1542 1330 videtur,
1573 1282 1740 1318 Ovidium

1009 1357 1100 1388 haec
1122 1353 1160 1384 in
1183 1350 1301 1383 medio
1323 1345 1416 1380 mari
1440 1345 1476 1375 et
1498 1342 1535 1374 in
1550 1341 1630 1382 ipso
1647 1345 1742 1370 nau-

1010 1408 1122 1451 fragii
1154 1404 1321 1448 periculo
1357 1395 1576 1437 lamentari,
1604 1393 1643 1426 in
1670 1397 1743 1433 quo

1011 1465 1045 1497 si
1066 1465 1166 1505 ipse,
1195 1460 1302 1492 etiam
1330 1455 1422 1489 socii
1460 1461 1542 1486 cum
1566 1451 1646 1491 ipso
1675 1454 1745 1488 pe-

996 1519 1170 1553 ‘riissent
1200 1511 1389 1549 Sententia
1408 1514 1549 1551 quoque
1561 1501 1746 1546 aptissima

1016 1577 1095 1617 est,
1127 1572 1234 1605 modo
1258 1574 1351 1610 quae
1372 1560 1677 1608 praecesserunt,
1700 1557 1747 1589 de
1771 1583 1774 1587 .

1017 1631 1136 1664 morte
1158 1634 1205 1658 ex
1225 1621 1437 1657 vulneribus
1459 1618 1497 1652 in
1515 1615 1658 1659 proelio
1681 1619 1749 1644 ac-

1021 1685 1137 1727 ceptis
1181 1678 1452 1720 intelligantur:
1498 1671 1558 1705 est
1591 1665 1751 1711 aliquid,

1021 1742 1179 1776 vulnere
1201 1733 1366 1769 moriens
1396 1736 1537 1770 corpus
1563 1723 1604 1758 in
1626 1719 1754 1755 solida

1024 1799 1135 1831 terra
1154 1799 1315 1835 ponere,
1345 1789 1402 1827 (et
1429 1785 1467 1818 in
1489 1784 1654 1816 extremo
1676 1775 1756 1819 spi-

1025 1853 1099 1886 ritu
1120 1858 1188 1892 per
1210 1845 1350 1882 socios)
1372 1839 1558 1875 mandare
1579 1832 1657 1868 suis
1679 1829 1757 1864 ali-

1027 1906 1129 1950 quid,
1151 1905 1190 1937 et
1209 1907 1372 1943 sperare
1381 1895 1608 1937 sepulcrum.
1645 1889 1756 1924 certe

1027 1961 1111 1996 mihi
1123 1959 1264 2001 quidem
1278 1957 1383 1989 locus
1399 1959 1447 1993 ex
1467 1949 1571 1991 libris
1592 1947 1644 1979 ita
1666 1950 1759 1976 con-

1029 2011 1197 2055 stitutus,
1231 2013 1269 2044 et
1290 2008 1478 2043 meliorem
1501 2005 1540 2037 et
1561 2000 1758 2035 clariorem

1030 2072 1166 2105 habere
1182 2073 1327 2100 sensum
1351 2061 1513 2102 videtur,
1544 2065 1658 2099 quam,
1672 2061 1764 2097 qua-

1031 2130 1104 2164 lem
1126 2121 1330 2159 Merkelius
1362 2125 1410 2150 ex
1431 2114 1647 2148 coniectura
1669 2116 1764 2143 con-

1033 2181 1166 2216 stituit:

1099 2245 1141 2275 Et
1157 2241 1299 2272 mandare
1317 2237 1398 2271 suis,
1424 2233 1559 2270 aliqua
1575 2230 1630 2258 aut
1645 2232 1770 2263 §pomo

1431 2277 1583 2314 sepulcra.
1600 2289 1635 2294 —

1036 2349 1092 2382 Ne
1115 2353 1207 2379 vero
1230 2343 1268 2376 et
1289 2342 1390 2384 post,
1405 2334 1553 2379 aliquid
1571 2329 1773 2369 desideres,

1039 2402 1136 2436 conf.
1158 2403 1190 2443 1,
1212 2400 1249 2441 3,
1272 2398 1342 2440 99„
1363 2396 1430 2438 111,
1454 2391 1512 2434 11,
1534 2390 1567 2422 3.

1084 2467 1139 2501 58.
1160 2463 1245 2508 Hic,
1267 2463 1306 2496 in
1326 2457 1467 2503 patenti
1496 2453 1590 2489 mari
1619 2453 1658 2485 et
1679 2451 1775 2483 tem-

1045 2522 1257 2567 pestatibus.
1278 2518 1380 2551 Vett.
1399 2514 1495 2556 edd„
1510 2509 1632 2550 Goth„
1654 2503 1777 2548 Guelf.

1046 2590 1069 2615 ιι
1101 2580 1134 2612 2.
1166 2586 1232 2618 m.,
1270 2575 1376 2615 Reg.,
1409 2567 1507 2602 Busl.
1539 2565 1578 2597 et
1608 2560 1681 2595 Vn
1712 2557 1778 2591 alii

1046 2635 1170 2671 Heius.
1190 2633 1274 2664 huc.
1317 2628 1395 2661 Pal.
1416 2626 1449 2658 2.
1479 2623 1517 2654 et
1543 2620 1650 2657 Bern-
1678 2611 1778 2645 hine.

1049 2709 1093 2716 —-
1118 2686 1267 2729 Trahit,
1289 2690 1414 2718 secum
1435 2679 1474 2712 in
1494 2672 1693 2718 perniciem
1714 2674 1780 2701 ro—
1800 2685 1829 2706 ,·

1048 2749 1112 2792 pit.
1158 2743 1263 2780 Conf.
1286 2743 1375 2773 Hor.
1398 2735 1462 2770 Od.
1484 2731 1552 2772 111,
1573 2729 1612 2771 2,
1632 2726 1687 2759 28.

1096 2812 1150 2846 59.
1180 2804 1340 2850 Superi,
1373 2803 1395 2835 l.
1426 2809 1459 2843 q.
1489 2795 1530 2832 di
1552 2791 1650 2828 coeli
1678 2798 1714 2822 v.
1750 2785 1783 2818 1.
