1846 3146
184 169 284 220 206

426 171 483 221 P.
521 131 744 222 ovum
778 171 1094 225 NASONIS
1130 158 1473 249 TRISTI‘UM

183 291 251 341 Et
286 307 485 358 quorum
524 293 665 344 libris
700 294 844 344 modo
880 294 1184 344 dissimulata
1218 294 1438 344 Perillae
1485 323 1489 333 s

1616 293 1760 344 435⁴

251 375 480 437 Nomine,
517 392 646 426 nunc
679 377 862 442 legitur
897 377 1044 439 dicta,
1080 376 1306 437 Metelle,
1341 376 1464 426 tuo?

183 458 235 507 Is
271 474 477 525 quoque,
513 459 782 509 Phasiacas
815 459 959 525 Argo
994 463 1076 525 qui
1111 460 1252 514 duxit
1283 462 1335 509 in
1368 459 1542 522 undas,

252 541 370 591 Non
402 540 563 609 potuit
592 542 807 592 Veneris
841 542 972 593 furta
1006 548 1174 594 tacere
1209 558 1365 593 suae.-

125 714 127 717 ·
183 708 445 751 intelligendus
480 716 563 742 esse
594 710 824 750 obtrectator
855 710 920 743 ille

184 765 368 807 Maronis,
391 767 436 797 de
460 775 529 808 quo
553 766 715 808 loquitur
737 766 842 798 Serv.
874 767 920 797 ad

184 819 288 862 Virg.
313 821 391 853 Ecl.
414 822 465 864 Π,
487 822 542 854 39.
586 822 671 854 Vid.
695 822 722 854 Ι.
746 823 787 854 Η.
811 822 919 855 Voss.

183 875 231 906 ad
253 875 334 907 Ecl.
357 877 435 919 111,
466 877 557 920 108„
587 877 757 912 chronic.
788 878 920 911 Euseb.

185 931 232 962 ad
256 930 626 967 MDCCCCLXXVL
649 934 687 965 et
715 933 919 967 Weichert.

186 988 232 1019 de
256 987 295 1020 C.
319 987 425 1037 Helv.
451 988 567 1021 Cinna
589 998 624 1030 1).
648 988 700 1022 15.

230 1052 326 1087 c'ato
349 1039 575 1097 (Valerius),
602 1053 716 1095 poeta
732 1055 770 1087 et
796 1062 921 1098 gram—

183 1111 336 1143 maticus
360 1112 564 1153 Romanus,
597 1110 656 1151 qui
678 1111 805 1143 Sullae
828 1113 921 1143 tem-

183 1167 334 1208 poribus
378 1155 459 1199 'fuit
546 1165 647 1198 suet.
692 1165 738 1196 de
785 1165 920 1198 illustr.

183 1222 342 1254 Gramm.
362 1230 393 1254 c.
406 1221 460 1254 40.
505 1222 659 1262 Praeter
673 1221 763 1263 alia,
779 1221 920 1262 elegia-

185 1287 231 1312 ca
253 1279 417 1312 carmina
437 1277 588 1318 scripsit
609 1275 733 1317 Lydia
761 1279 799 1309 et
820 1276 920 1309 Dia-

183 1344 247 1380 na,
277 1336 467 1368 admodum
498 1333 708 1375 elegantia,
753 1334 817 1364 sed
847 1340 920 1364 non

182 1392 261 1426 sine
290 1389 469 1432 nequitiis.
532 1388 768 1424 Wernsdorf.
801 1388 918 1420 Poett.

184 1448 281 1481 Latt.
305 1446 389 1479 min.
411 1446 451 1478 Τ.
475 1445 538 1477 ΙΠ.
582 1445 747 1477 Prooem.
770 1442 897 1476 XLVI.

227 1536 305 1570 407.
328 1534 384 1567 Et
405 1541 576 1577 quorum.
619 1534 709 1566 Ialm
726 1532 919 1574 adductus,

184 1594 226 1626 ut
247 1592 408 1634 videtur,
431 1591 518 1623 loco
542 1589 607 1621 illo
631 1587 791 1629 Apuleii,
807 1595 919 1628 supra

183 1649 230 1681 ad
253 1658 289 1681 v.
314 1648 390 1682 428.
413 1644 599 1688 apposito,
622 1642 752 1676 audaci
777 1643 921 1675 medela

185 1711 316 1737 versus
339 1703 415 1736 437.
439 1703 476 1734 et
499 1701 574 1734 438.
599 1701 684 1732 ante
694 1706 824 1731 versus
842 1698 918 1731 435.

185 1761 223 1791 et
241 1758 316 1792 436.
331 1748 468 1799 posuit,
491 1757 533 1789 ut
555 1754 594 1788 et
615 1761 775 1796 quorum
796 1754 919 1786 refer-

184 1815 288 1847 retur
330 1814 377 1845 ad
412 1812 572 1846 Ticidam
616 1812 654 1843 et
697 1809 919 1852 Memmium,

186 1877 231 1901 eo
262 1868 412 1910 ordine9
442 1875 547 1909 quem
576 1873 674 1898 nunc
704 1865 760 1897 illi
789 1872 920 1898 versus

185 1925 376 1966 tenerent,
398 1923 581 1964 iudicans,
606 1922 643 1953 et
665 1928 814 1953 versum
843 1920 919 1953 434.

185 1982 224 2013 et
246 1987 376 2012 versus
400 1978 477 2017 437.
510 1978 562 2010 et.
577 1976 655 2009 428.
680 1983 811 2008 carere
833 1983 922 2008 sen-

185 2044 240 2068 su.
295 2035 435 2069 Verum
464 2041 511 2066 ne
541 2034 586 2065 de
616 2032 771 2066 omnium
801 2032 926 2066 libro-

186 2103 268 2130 rum
281 2099 462 2127 consensu
479 2090 610 2132 dicam,
633 2088 726 2127 illud
750 2088 796 2122 et
817 2096 923 2131 quo-

188 2162 296 2191 rum
319 2151 461 2189 libris
483 2148 568 2193 post
590 2147 695 2189 apud
707 2154 798 2188 quos
822 2146 924 2178 certe

190 2220 320 2256 parum
354 2209 504 2249 elegans
534 2204 612 2247 e'st,
654 2209 771 2244 neque
808 2203 926 2235 Mem-

191 2269 299 2305 mium
320 2273 408 2299 suos
431 2269 575 2296 amores
591 2258 658 2292 sub
670 2257 846 2293 Metellae
858 2267 928 2293 no..

193 2326 289 2358 mine
346 2320 522 2360 cecinisse
579 2317 806 2360 compertum
862 2317 928 2349 est.

197 2381 320 2427 Quare
344 2378 506 2425 equidem
527 2379 711 2413 Nasonem
733 2373 826 2406 alios
848 2372 882 2404 h.
903 2371 930 2404 l.

195 2440 327 2484 poetas
380 2440 490 2480 atque
541 2434 701 2469 Ticidam
744 2433 781 2463 et
815 2431 930 2462 Mem·
974 2460 977 2465 ,

196 2498 303 2531 mium
327 2496 374 2530 ob
405 2494 534 2528 oculos
567 2488 735 2523 habuisse
758 2486 796 2517 et
817 2482 931 2526 signi-

198 2555 328 2588 ficasse
358 2553 460 2594 puto.
512 2545 618 2600 Quod
655 2545 688 2577 si
715 2542 932 2581 statuamus,

199 2609 300 2652 vide,
323 2615 429 2649 quam
451 2607 538 2646 apte
561 2600 681 2636 omnia
701 2598 826 2632 iuncta
845 2594 933 2627 sint:

201 2663 301 2706 Quid
331 2662 502 2704 referwm
537 2657 693 2692 Ticidae
722 2652 763 2686 et
781 2646 934 2684 Memmi

200 2718 397 2759 carmina,
440 2715 544 2758 apud
574 2719 667 2756 quos
696 2733 706 2742 .
738 2731 749 2741 .
773 2730 782 2740 .
813 2703 933 2738 adest.

202 2776 273 2812 His
309 2772 464 2809 comites
502 2769 593 2803 sunt
621 2766 758 2806 cinna,
797 2761 934 2801 Anser,

204 2829 443 2874 Cornificius,
477 2824 584 2867 Galo,
607 2823 646 2856 et
666 2822 769 2861 (sunt
789 2819 844 2852 his
867 2827 934 2851 co-

205 2888 310 2924 mites
332 2885 388 2920 illi
410 2881 564 2927 poetae)
582 2884 744 2923 quorum
762 2874 803 2908 in
825 2870 935 2907 libris

1620 543 1719 593 440

987 710 1122 748 (amica
1144 717 1250 751 quam
1274 711 1425 748 canunt)
1447 709 1558 742 modo
1589 710 1724 748 (falso)

988 763 1160 796 Perillae
1181 763 1331 797 nomine
1359 764 1602 799 dissimulata
1626 765 1722 807 ἱερέ-

988 821 1066 861 tur,
1088 821 1199 852 modo
1229 821 1345 859 (falso
1368 821 1531 858 nomine)
1562 821 1725 854 Metella

987 875 1092 909 dicta
1125 879 1195 914 (sc.
1228 875 1393 917 legitur).
1454 878 1547 914 (lam
1578 877 1725 910 variata

988 931 1156 965 oratione
1179 932 1348 973 pergito
1377 932 1420 964 Is
1444 939 1600 974 quoque,
1622 931 1687 974 qui
1711 956 1721 964 .

990 1009 1000 1019 .
1025 1009 1054 1028 .,
1077 995 1153 1018 non
1176 986 1300 1019 tacuit
1320 995 1471 1020 amores
1493 996 1594 1021 suos.

1036 1054 1142 1086 Goth.
1165 1061 1327 1095 qnorum
1348 1052 1389 1085 in
1411 1052 1533 1086 libris.
1580 1056 1663 1089 Bel.
1687 1057 1727 1090 et

989 1107 1099 1141 libris
1120 1117 1291 1151 quorum.
1345 1110 1491 1152 Berol.,
1525 1112 1620 1143 Mor.
1651 1119 1721 1152 pro

988 1173 1024 1196 v.
1046 1172 1118 1196 scr.
1140 1172 1215 1196 non
1238 1164 1308 1205 leq.
1355 1164 1475 1198 Guelf.
1488 1165 1581 1207 legit
1603 1166 1724 1200 dicta.

987 1220 1125 1252 Bonon.
1149 1217 1301 1260 teyitur.
1346 1220 1492 1263 Dresd.,
1511 1222 1634 1264 Goth„
1650 1223 1725 1255 Be-

986 1274 1073 1315 rol.,
1095 1273 1190 1317 Bel,
1212 1274 1316 1308 multi
1338 1276 1461 1309 Heius.
1479 1277 1518 1308 et
1528 1278 1622 1310 vett.
1640 1278 1724 1310 edd.

985 1336 1057 1369 per
1079 1327 1185 1360 illos:

1030 1405 1192 1438 Nomine
1215 1404 1332 1447 dicta,
1355 1405 1528 1449 Metelle,
1552 1408 1622 1441 tuo
1638 1408 1723 1441 cle-

984 1462 1117 1503 ganter
1138 1469 1207 1502 pro
1232 1460 1339 1493 dicta
1356 1462 1542 1496 Metelea:
1562 1465 1721 1497 feminae

986 1517 1078 1549 enim
1101 1516 1138 1548 in
1162 1517 1259 1549 omni
1280 1517 1417 1550 familia
1439 1526 1463 1553 a
1482 1520 1640 1552 maribus
1653 1528 1722 1552 no-

984 1572 1081 1604 mina
1102 1574 1341 1615 acceperunt,
1376 1574 1485 1615 atque
1507 1575 1545 1607 in
1568 1576 1726 1610 Clodio-

985 1636 1062 1659 rum
1085 1629 1199 1668 gente
1222 1626 1397 1670 Clodiae,
1416 1627 1454 1662 in
1482 1632 1719 1666 Metellorum

987 1682 1171 1714 Metellae
1192 1685 1438 1727 nuncupatae,
1462 1687 1502 1718 ut
1525 1689 1628 1719 recte
1653 1689 1727 1720 do-

987 1740 1047 1771 cet
1058 1740 1103 1770 ad
1112 1740 1200 1772 Hor.
1212 1739 1280 1775 ΟΔ
1290 1741 1339 1783 11,
1354 1740 1412 1796 ¹2².
1425 1739 1477 1774 13.
1489 1741 1595 1776 Rich
1608 1743 1727 1776 Bent—

987 1793 1092 1826 leius.

1032 1896 1111 1931 439.
1143 1896 1188 1930 Is
1210 1895 1454 1941 quoque—iu
1477 1896 1609 1947 undas,
1630 1898 1666 1930 h.
1689 1904 1722 1930 e.

990 1955 1051 1996 qui
1081 1957 1214 1988 Iasona
1245 1956 1283 1987 et
1311 1953 1412 1986 illius
1440 1953 1478 1986 in
1504 1961 1618 1986 aureo
1641 1953 1726 1986 vel—

990 2010 1070 2050 lere
1092 2011 1322 2051 apportando
1336 2009 1458 2042 socios
1474 2008 1510 2041 in
1522 2010 1623 2050 Argo
1641 1999 1727 2041 nax'ri

991 2064 1027 2097 in
1038 2065 1167 2097 Phasin
1189 2066 1352 2108 fluvium,
1367 2065 1403 2098 h.
1426 2072 1458 2097 e.
1482 2064 1517 2096 in
1533 2064 1725 2106 Colchida,

993 2120 1109 2162 duxit,
1133 2118 1197 2162 qui
1219 2119 1325 2162 Arqo
1350 2144 1359 2153 .
1385 2144 1394 2152 .
1415 2120 1563 2152 vectam
1581 2118 1728 2153 cecinit.

992 2177 1075 2222 Yid.
1098 2178 1172 2210 not.
1196 2177 1243 2209 ad
1265 2186 1301 2210 v.
1325 2177 1401 2211 317.
1685 2170 1690 2173 ⁴

1039 2245 1304 2288 Intelligendus
1336 2245 1459 2276 autem
1481 2242 1606 2274 varro
1635 2241 1730 2273 Ata-

997 2303 1114 2345 cium,
1138 2301 1327 2336 Ciceronis
1350 2298 1513 2341 aequalis
1518 2319 1534 2340 ,
1562 2296 1622 2338 qui
1645 2297 1731 2337 post

996 2357 1230 2400 Apollonium
1271 2356 1448 2390 Rhodium
1491 2354 1731 2395 Argonauta-

996 2424 1077 2448 rum
1099 2413 1367 2455 expeditionem
1395 2409 1548 2451 cecinit,
1573 2408 1636 2440 vel
1658 2415 1730 2448 po-

998 2471 1068 2504 tius
1095 2468 1364 2511 Apolonianum
1394 2472 1541 2498 carmen
1562 2463 1728 2497 Latinum

999 2526 1099 2559 fecit.
1139 2520 1519 2558 1.voss.flist.Lat.1.
1542 2517 1652 2550 c.16..
1681 2517 1732 2548 At

998 2582 1092 2615 idem
1115 2580 1247 2613 cecinit
1269 2585 1429 2611 amorem
1447 2581 1549 2607 suum
1572 2572 1610 2604 in
1629 2572 1732 2604 Leu-

1001 2637 1151 2671 cadiam.
1209 2631 1443 2669 Wernsdors.
1475 2628 1596 2662 Poett.
1632 2629 1730 2661 Latt.

999 2693 1082 2726 min.
1105 2692 1152 2725 V.
1174 2691 1212 2722 P.
1235 2690 1298 2722 111.
1321 2697 1356 2729 p.
1380 2686 1585 2726 1385.seqq.
1619 2684 1729 2725 Prop.
1783 2713 1797 2724 ,

1000 2750 1050 2790 11,
1071 2748 1131 2789 2³,
1153 2746 1208 2779 85.

1066 2832 1150 2863 naec
1167 2836 1285 2867 quoque
1302 2827 1439 2901 perfecvto
1466 2823 1592 2853 ludebat
1620 2821 1733 2852 Iasone
1788 2816 1790 2819 ”

1425 2875 1505 2903 arro,
1697 2877 1702 2889 x
