1846 3146
134 204 233 255 362

379 196 437 249 Ρ.
475 190 701 246 OVIDII
734 180 1051 238 NASONIS
1084 174 1431 229 TRISTIUM

134 325 381 391 Tempora
412 315 649 370 Phoebea
680 313 823 361 lauro
858 309 1130 372 cingentur,
1165 300 1380 364 „ioque“

205 407 358 457 Miles
394 403 512 465 „io“
543 412 719 463 magna
750 407 882 444 voce
915 387 1223 454 „triumphe“
1259 384 1416 432 canet.

138 494 255 560 Ipse
288 503 411 538 sono
443 485 718 552 plausuque
751 475 894 527 simul
927 474 1220 534 fremituque
1256 466 1509 516 canentum

210 571 542 634 Quadriiugos
576 578 750 616 cernes
785 574 936 626 saepe
969 557 1204 606 resistere
1243 563 1411 615 equos,
1594 604 1597 607 Δ

143 658 268 709 Inde
301 659 443 723 petes
477 665 640 701 arcem
675 652 727 697 et
761 643 967 695 delubra
999 638 1222 688 faventia
1258 633 1408 691 votis,
1614 623 1679 673 55

212 741 280 791 Et
315 737 508 788 dabitur
539 732 713 783 merito
745 729 916 778 laurea
948 727 1070 774 vota
1100 720 1227 769 Iovi.
1460 716 1463 720 ’

195 904 251 937 50.
283 901 415 935 Flore.
475 898 617 930 Morem
649 892 754 926 illum
786 890 883 932 vias,

949 889 1073 920 Amor.
1096 884 1133 915 et
1154 880 1230 914 Tib.
1250 874 1410 910 laudatis
1439 869 1684 906 confirmatur.

150 967 220 1002 per
243 965 331 999 quas
355 952 558 994 triumphus
583 949 792 990 incederet,
815 947 885 978 sso-
950 942 1034 975 vid.
1057 940 1146 971 Hor.
1170 937 1234 970 0d.
1257 934 1334 975 IV,
1357 931 1402 972 2,
1428 929 1482 962 49.
1507 927 1544 957 et
1568 922 1684 964 Epod.

153 1015 253 1048 ribus
290 1009 476 1045 sternendi
513 1006 631 1048 tangit
659 1005 769 1042 etiam
804 1001 887 1034 aliis
953 998 1019 1039 lx,
1041 995 1094 1028 21.
1119 1008 1162 1015 —
1182 992 1230 1024 V.
1252 989 1307 1021 52.
1336 987 1414 1018 Iun.
1432 982 1569 1023 'vulqus
1592 977 1641 1010 io.

152 1071 259 1106 loeis.
303 1069 408 1102 Pont.
432 1067 484 1108 11,
506 1064 543 1107 1,
565 1064 620 1096 35.

558 1178 656 1204 omen,

274 1222 415 1256 Saxaque
431 1215 543 1246 roratis
561 1214 720 1243 erubuisse
737 1212 827 1240 rosis.

159 1282 245 1318 Vid.
267 1282 391 1314 Amor.
414 1279 447 1319 1,
469 1277 506 1318 2,
529 1276 599 1317 39„
622 1275 694 1316 111,
717 1271 775 1313 13,
798 1269 850 1302 11.

205 1349 261 1382 51.
285 1343 503 1388 cingentur.
525 1331 690 1374 Heinsius
707 1338 805 1372 dedit
815 1334 898 1368 cin-

161 1405 274 1449 yetur
303 1411 351 1436 ex
379 1398 649 1439 Arondeliano;
677 1403 753 1428 non
786 1392 898 1434 male,

165 1469 272 1503 quum
295 1459 333 1490 in
354 1456 507 1497 vulgata
529 1454 715 1494 scriptura
744 1448 899 1490 cinyen-

166 1516 233 1548 tur
263 1521 337 1546 nou
367 1512 456 1543 satis
489 1509 720 1552 perspicuum
741 1506 811 1548 sit,
842 1503 902 1546 qui

168 1572 345 1610 tempora
367 1565 593 1608 cinyantur:
617 1564 711 1596 unde
727 1562 815 1593 nata
832 1566 902 1591 va-

168 1627 283 1660 rietas
330 1622 467 1656 codicis
510 1619 632 1653 Berol.
678 1616 903 1657 templaque.

170 1681 350 1723 Ginyetur
361 1680 482 1711 autem
494 1667 724 1718 'perspicuum
740 1672 812 1713 εει,
824 1677 906 1701 nam

171 1737 317 1771 nonnisi
338 1734 445 1767 miles
467 1731 640 1773 cinyetur
658 1726 814 1768 intelligi
837 1734 907 1767 po-

174 1796 257 1827 test.
282 1793 355 1825 Sed
373 1794 493 1824 tamen
510 1787 730 1828 scripturam
753 1782 909 1816 omnium

173 1851 264 1883 vett.
280 1849 366 1880 libb.
384 1848 528 1879 mutare
548 1850 622 1874 non
639 1841 767 1872 audeo.
791 1839 908 1871 Fest.:

178 1902 363 1939 Laureati
386 1901 536 1940 milites,
559 1898 602 1930 ut
623 1893 732 1938 quasi
752 1889 911 1934 pnrqati

179 1970 206 1994 a
228 1960 342 1993 caede
364 1959 529 1990 humana
550 1951 748 1986 intrarent
765 1949 911 1981 Urbem.

180 2016 320 2058 Itaque
354 2013 510 2045 eandem
550 2010 705 2040 laurum
745 2003 913 2037 omnibus

180 2069 434 2125 suffitionibus
458 2062 630 2100 adhiberi
646 2059 800 2094 solitum
815 2058 912 2090 erat.

181 2131 259 2165 Tib.
284 2130 334 2170 11,
357 2129 393 2168 5,
417 2124 492 2157 117.

248 2203 484 2214 —————
500 2168 587 2215 lauro
614 2182 773 2211 devinctus
800 2175 916 2214 agresti

304 2236 413 2269 Miles,
436 2234 488 2267 io,
513 2235 623 2265 magna
643 2233 732 2259 voce,
757 2220 917 2256 triumphe,

583 2273 684 2301 canet.

191 2341 296 2376 Conf.
328 2341 451 2372 Amor.
482 2335 522 2376 1,
550 2333 598 2373 2,
628 2329 682 2363 34.
738 2322 921 2364 Phoebea,

189 2396 334 2431 Phoebo
358 2399 488 2433 sacra,
515 2387 646 2430 quippe
668 2384 820 2425 propter
844 2379 922 2411 eius

192 2459 352 2486 amorem
375 2450 480 2481 nata.
537 2444 630 2477 Nam
664 2447 744 2472 cum
772 2436 924 2477 Daphne

191 2509 299 2549 virgo
323 2506 368 2538 ab
392 2503 457 2535 illo
478 2502 546 2533 deo
568 2497 768 2535 amaretur,
783 2493 848 2524 sed
867 2491 926 2523 in-

191 2563 322 2598 stantis
345 2565 506 2592 amorem
527 2553 694 2594 fugeret,
723 2549 762 2581 in
782 2547 927 2578 laurum

195 2622 333 2653 mutat-a
356 2618 393 2647 et
416 2610 597 2653 Apollinis
612 2607 725 2639 arbor
743 2604 844 2635 facta
860 2601 928 2633 est.
946 2638 955 2641 ³

195 2676 283 2709 Met.
291 2675 322 2715 Ι,
330 2672 422 2711 1¹50.5
435 2668 553 2707 ibique
563 2665 719 2701 interpp.
732 2660 828 2700 Hyg.
840 2656 930 2689 Fab.

196 2730 274 2763 203.
296 2742 341 2750 —-·
362 2725 464 2757 Pont.
483 2722 541 2762 11,
559 2720 602 2761 2,
621 2717 675 2750 82.
699 2717 799 2749 Naso
822 2720 932 2745 ausus

200 2788 257 2818 est
280 2784 453 2822 tempora
471 2775 642 2810 Phoebea
655 2769 803 2812 viryt'ne
819 2774 932 2800 newa.

245 2841 294 2873 Io
317 2834 506 2875 triumphe
529 2833 610 2864 erat
633 2829 670 2862 in
698 2833 832 2870 pompa
854 2823 934 2855 cla-

201 2894 371 2930 mantium
402 2889 581 2931 formula,
623 2885 676 2919 uti
705 2884 813 2916 etiam
842 2877 935 2913 locis

999 1074 1053 1106 53.
1087 1066 1305 1103 C‘anentum.
1349 1062 1449 1096 vett.
1472 1059 1552 1091 edd.
1575 1061 1687 1096 prae·
1736 1072 1739 1075 v

224 1135 350 1168 Quaque
367 1130 448 1164 ierit,
466 1128 542 1158 felix
566 1127 718 1156 adiectum
734 1122 890 1159 plausibus
913 1160 915 1165 A
958 1130 1016 1161 ter
1044 1129 1182 1158 Bonon.
1216 1117 1397 1154 canentis·

1451 1114 1573 1156 Mam,
1600 1111 1687 1143 Vat.

961 1186 1006 1227 1.,
1029 1182 1107 1215 Pol.
1130 1181 1177 1222 1.,
1199 1178 1276 1211 Pal.
1299 1177 1346 1218 2.,
1367 1174 1420 1207 IV
1434 1172 1499 1204 alii
1518 1167 1639 1202 Heins-
1656 1165 1693 1196 et

962 1239 1122 1272 eiusdem
1144 1236 1200 1268 ed.
1221 1242 1293 1275 pr.,
1316 1230 1438 1264 Guelf.
1461 1228 1500 1258 et
1518 1224 1599 1257 Rel.
1623 1228 1693 1253 ca-

962 1293 1125 1328 nentum.
1155 1292 1193 1322 11
1210 1288 1332 1321 Heius.
1350 1282 1535 1318 canentes.
1564 1278 1695 1313 Dresd.

965 1352 1003 1383 et
1024 1348 1106 1381 Rel.
1128 1354 1197 1388 pro
1220 1354 1257 1376 v.
1278 1350 1350 1375 scr.
1370 1337 1564 1381 paventes.
1619 1335 1695 1367 Re-

964 1404 1053 1446 liqui
1075 1402 1221 1442 Heins„
1254 1397 1372 1438 Bus1.,
1402 1396 1532 1435 Herm,
1561 1389 1698 1430 Berol.,

966 1462 1065 1502 Seg„
1086 1458 1194 1492 crev.
1213 1453 1393 1494 calentes,
1410 1449 1505 1491 quod
1525 1446 1595 1479 etsi
1610 1444 1698 1478 vul-

966 1515 1114 1560 garibus
1137 1510 1371 1545 librariorum
1399 1501 1608 1539 commentis
1631 1507 1701 1542 pa·-

967 1580 1048 1605 rum
1069 1568 1187 1602 simile
1209 1566 1369 1606 videtur,
1393 1564 1513 1595 tamen
1527 1566 1602 1591 non
1622 1563 1702 1588 sum

969 1636 1079 1660 ausus
1103 1633 1183 1658 cum
1194 1619 1378 1656 Merkelio
1393 1617 1573 1658 recipere.
1601 1611 1703 1644 Fre-

970 1681 1085 1715 micus
1120 1680 1182 1711 de,
1200 1675 1340 1720 ingenti
1372 1669 1600 1705 multitudine
1639 1673 1704 1698 ca.—

972 1738 1133 1771 nentium
1163 1736 1225 1767 aut
1257 1731 1294 1764 ἰο
1328 1726 1520 1768 triumphe
1543 1724 1707 1757 claman-

975 1794 1062 1826 tium
1085 1792 1188 1824 recte
1212 1788 1359 1829 dicitur,
1380 1783 1435 1817 uti
1451 1784 1496 1815 de
1514 1779 1623 1814 laetis
1642 1786 1707 1810 so·-

976 1849 1031 1882 nis
1054 1853 1166 1888 saepe
1187 1842 1384 1885 reperitur.
1434 1837 1518 1872 Vid.
1546 1830 1708 1868 Forcell.

1023 1927 1078 1960 54.
1111 1920 1375 1964 Quadriiuqos.
1407 1916 1485 1951 Pal.
1501 1915 1550 1957 2.,
1563 1914 1712 1952 Erana,

980 1985 1139 2022 Bersm.,
1167 1980 1223 2011 111
1253 1977 1316 2010 alii
1338 1974 1460 2008 Heius.
1489 1971 1528 2003 et
1553 1968 1712 2001 eiusdem

981 2040 1037 2070 ed.
1050 2046 1105 2078 pr.
1124 2038 1161 2067 et
1176 2033 1340 2073 reliquae
1350 2029 1440 2062 vett.
1466 2026 1563 2066 edd.,
1591 2024 1713 2062 Bern.‚

980 2093 1110 2126 Dresd.
1133 2099 1157 2122 a
1180 2089 1211 2121 1.
1234 2096 1295 2129 m.,
1317 2083 1440 2117 Berol.
1458 2076 1713 2123 quadriiuqes.

982 2147 1147 2188 Reliqui,
1179 2141 1326 2186 plurimi
1361 2141 1399 2171 et
1435 2135 1584 2179 optimi,
1611 2132 1715 2166 codd.

985 2201 1243 2246 quadriiuyos.
1286 2194 1466 2238 Virgilius
1489 2195 1609 2226 tamen
1626 2190 1717 2222 Aen.

985 2262 1033 2302 X,
1056 2258 1132 2291 571.

1055 2330 1257 2369 Quadriiugos
1282 2328 1315 2356 in
1342 2331 1435 2362 equos
1459 2302 1648 2356 adversaque
1664 2326 1720 2355 pe-

1387 2372 1472 2398 ctora
1489 2364 1597 2395 tendit.

991 2450 1048 2484 Ad
1069 2444 1303 2486 sententiam,
1325 2444 1435 2482 Prop.
1458 2439 1531 2480 111,
1554 2436 1590 2477 3,
1613 2433 1667 2466 12.

1106 2521 1186 2551 Ante
1210 2524 1296 2547 meos
1320 2515 1420 2545 obitus
1443 2511 1500 2546 sit,
1525 2515 1644 2547 precor,
1658 2500 1724 2534 'illa

1061 2614 1127 2648 Qua
1148 2610 1285 2641 videam,
1309 2558 1568 2641 spoliidswziierato
1586 2591 1725 2625 Caesaris

1393 2654 1450 2675 axe

1114 2701 1162 2732 Aa
1178 2697 1262 2734 vulgi
1279 2697 1402 2732 plausus
1421 2665 1513 2726 sa’epe
1529 2685 1674 2718 resistere
1692 2689 1726 2711 e-

1399 2743 1485 2773 quos.

1045 2819 1100 2848 55.
1124 2812 1262 2846 Arcem
1290 2810 1326 2842 et
1347 2805 1518 2842 delubra.
1551 2797 1658 2834 Tolle
1681 2795 1727 2827 il-

1002 2874 1065 2906 lud
1099 2871 1137 2903 et
1171 2877 1249 2902 cum
1284 2866 1338 2898 ed.
1374 2871 1427 2904 pr.
1461 2861 1499 2892 et
1529 2858 1584 2891 Vl
1615 2851 1731 2887 libris.
