1846 3146
176 168 276 218 344

427 170 484 220 Ρ.
520 167 743 223 ovmn
777 171 1094 230 NASONIS
1126 179 1470 235 TRISTIUM

175 289 288 340 Nos
322 307 515 358 quoque
548 293 814 358 delectant,
849 302 1069 363 quamvis
1102 317 1333 365 nocuere,
1367 305 1547 369 libelli,

1635 307 1703 359 35

242 372 484 440 Quodque
515 376 630 426 mihi
661 378 812 429 telum
843 381 1052 432 vulnera
1085 383 1222 446 fecit,
1258 402 1379 436 amo.

173 455 405 507 Forsitan
439 458 536 509 hoc
569 460 780 510 studium
811 467 970 529 possit
1001 465 1140 515 furor
1174 481 1287 517 esse
1319 469 1509 533 videri3

239 538 347 590 Sed
383 541 610 606 quiddam
643 544 781 594 furor
812 546 894 596 hic
926 548 1149 598 utilitatis
1183 549 1344 600 habet.

172 620 382 689 Semper
414 627 470 673 in·
500 626 670 676 obtutu
704 634 908 679 mentem
941 636 1079 681 vetat
1113 648 1225 682 esse
1259 634 1506 697 malorum,

238 706 523 756 Praesentis
559 725 702 760 casus
737 713 1150 780 immemoremque
1183 716 1317 766 facit.

1636 721 1704 771 40

174 788 339 854 thue
374 808 511 840 suum
545 793 744 843 Bacche
779 812 876 844 non
910 800 1059 846 sentit
1090 801 1258 849 saucia
1290 800 1487 863 vulnus,

235 872 363 924 Dum
396 879 560 943 stupet
593 876 785 927 Edonis
809 880 1074 932 ,exululata
1106 883 1259 948 iugis:

213 1025 267 1057 36.
294 1023 480 1068 Quodque.
506 1027 558 1069 V,
571 1028 606 1071 3,
620 1027 673 1062 34.
702 1029 758 1069 De
770 1037 902 1072 quam-

167 1079 227 1112 vis
251 1090 331 1113 cum
354 1082 461 1114 indic.
486 1083 558 1115 vid.
581 1085 627 1115 ad
650 1086 682 1126 1,
697 1085 797 1127 2,11.
822 1086 902 1118 Rel.

167 1144 236 1178 pro
250 1145 285 1171 v.
301 1145 373 1169 scr.
387 1138 519 1180 posset
528 1140 565 1171 et
578 1148 614 1173 v.
627 1138 680 1172 38.
689 1139 902 1184 quidquam.

211 1226 265 1258 39.
302 1224 451 1258 obtutu.
515 1227 592 1259 Pal.
628 1227 659 1260 1.
671 1249 687 1271 ,
717 1231 805 1264 XIV
836 1231 900 1264 alii

165 1281 289 1314 Heius.
326 1283 364 1314 et
396 1283 525 1314 Dresd.
559 1291 639 1316 cum
673 1286 729 1317 ed.
761 1287 899 1319 Bonon.

166 1333 323 1368 obtuitu.
369 1338 475 1370 Bern.
493 1337 642 1370 intuitu.
688 1340 897 1382 segonu-

165 1390 254 1423 tum.
283 1392 389 1427 Exc.
412 1393 521 1427 Voss.
545 1393 729 1430 laborum.

208 1481 262 1513 41.
286 1481 449 1515 Bacche.
472 1483 558 1516 Vat.
576 1483 606 1516 1.
625 1485 662 1517 et
677 1484 899 1517 Serv.Bac-'-

163 1536 252 1570 chis.
320 1536 431 1570 Certe
465 1535 642 1580 Βακχίδες
677 1540 830 1573 Aristot.
861 1540 900 1573 in

162 1592 343 1625 Problem.
366 1595 403 1624 et
413 1593 609 1626 Plutarcho
628 1596 791 1638 eaedem,
806 1604 899 1638 quae

161 1648 244 1680 aliis
268 1644 418 1689 Βάκχαι.
463 1649 622 1690 Hesych.
649 1647 778 1692 Θυίας,
802 1648 898 1684 Βάκ-

159 1712 226 1747 χις.
253 1704 346 1738 Ηίιιο
366 1706 547 1736 mutuatus
568 1712 698 1739 nomen
718 1710 775 1739 est
787 1708 901 1740 Plau-

162 1762 220 1790 tus
245 1759 455 1791 comoediae
479 1766 584 1799 quam
607 1759 819 1795 Bacchides
841 1764 900 1797 in-

160 1813 318 1853 scripsit.
374 1813 523 1846 Hiems.
575 1815 710 1849 Forma
732 1818 899 1852 Bacchis

160 1871 361 1911 suspecta,
400 1874 439 1903 ut
472 1872 567 1912 apud
602 1873 784 1906 Nasonem
818 1876 898 1909 sine

160 1924 344 1966 exemplo,
367 1925 426 1966 qui
449 1926 620 1968 Bacche,
653 1931 692 1960 ut
715 1930 838 1961 Amor.
862 1931 897 1972 Ι,

161 1979 218 2021 14,
237 1980 306 2022 21„
331 1984 394 2012 aut
417 1980 583 2020 Baccha,
608 1985 647 2014 ut
659 1983 747 2015 Her.
770 1986 817 2026 X,
839 1986 894 2018 48.

160 2034 282 2066 dicere
301 2036 406 2067 solet.
451 2038 579 2078 Itaque
603 2037 790 2078 vulgatam
814 2048 895 2073 cum

157 2091 305 2132 scriptis
317 2094 354 2123 et
365 2094 456 2124 vett.
478 2093 556 2124 edd.
570 2093 759 2125 revocavi.
802 2095 895 2127 Sunt

157 2148 278 2177 autem
307 2147 475 2179 Bacchae
504 2148 697 2190 mulieres,
737 2157 829 2190 quae
857 2150 895 2182 in

157 2201 291 2234 Bacchi
313 2202 430 2234 sacris
447 2203 664 2235 furibundae
683 2212 763 2236 cum
787 2205 895 2245 thyr-

157 2266 200 2289 so
236 2258 423 2298 taedisque
457 2260 621 2291 accensIs
651 2268 719 2300 per
754 2263 895 2293 montes

157 2315 195 2345 et
217 2314 332 2345 silvas
350 2309 597 2346 discurrerent
618 2318 655 2347 et
676 2315 781 2357 orgia
793 2316 895 2348 cele-

156 2369 318 2401 brarent.
372 2371 459 2404 cum
487 2374 607 2402 autem
631 2371 689 2403 hic
714 2371 833 2404 cultus
857 2371 894 2403 iu

155 2424 314 2456 Thracia
338 2426 513 2467 originem
538 2426 704 2468 haberet,
727 2427 894 2459 Bacchae

156 2487 178 2511 a
201 2480 322 2520 poetis
342 2481 448 2512 etiam
467 2481 611 2513 matres
631 2481 820 2514 Thraciae
831 2483 894 2514 vel

155 2536 251 2576 quod
271 2536 363 2568 idem
380 2539 435 2568 est
455 2537 600 2569 matres
613 2536 804 2569 Edonides
821 2545 891 2578 ap-

153 2591 326 2630 pellatae.
377 2592 460 2624 Vid.
491 2595 577 2625 Met.
602 2594 665 2624 111.
673 2615 687 2634 ,
721 2592 891 2632 Apollod.

154 2646 220 2677 111.
250 2653 280 2677 c.
311 2648 363 2688 5.,
399 2648 501 2681 Curt.
524 2650 583 2680 IX.
617 2657 647 2681 c.
679 2649 750 2690 20„
782 2648 890 2680 Trist.
911 2671 919 2682 .

152 2701 203 2742 V,
227 2702 262 2743 3,
287 2701 355 2743 37„
371 2704 459 2737 Hor,
476 2704 540 2736 Od.
555 2706 624 2745 ΙΙΙ,
638 2705 695 2746 25,
707 2704 738 2736 8.
768 2700 891 2744 Quare

152 2757 322 2788 Heinsius
349 2762 451 2790 recte
482 2768 548 2799 pro
575 2760 759 2799 scriptura
782 2761 889 2790 vete-

152 2821 231 2844 rum
249 2813 335 2845 libb.
360 2812 491 2844 Idaeis
505 2821 525 2845 e
545 2815 649 2845 varia
662 2815 750 2847 lect.
767 2814 843 2846 Pol.
857 2814 887 2846 1.

153 2867 289 2902 Idom's
305 2868 393 2901 fecit
412 2868 567 2904 Edonis.
614 2871 703 2902 Met.
722 2870 791 2910 Vl,
810 2869 886 2901 587.

1033 1030 1163 1066 Tempus
1181 1031 1257 1066 erat,
1276 1036 1336 1067 quo
1359 1037 1447 1060 sacra
1469 1032 1570 1061 nolent
1591 1033 1700 1063 triete-
1747 1038 1751 1041 ’

1363 1074 1428 1103 rica
1444 1075 1559 1105 Bacchi
1575 1085 1578 1087 ’

1033 1116 1189 1147 Sithoniae
1208 1118 1363 1148 celebrare
1381 1127 1475 1150 nurus
1491 1136 1525 1143 -
1541 1137 1576 1144 --
1590 1137 1626 1144 -
1640 1138 1676 1145 -

966 1185 1055 1218 Met.
1080 1188 1146 1230 IX,
1170 1187 1245 1221 641.

1031 1259 1132 1296 thue
1165 1264 1217 1291 tuo
1250 1266 1371 1300 motae,
1402 1265 1505 1302 proles
1538 1265 1700 1300 semelen.

1031 1347 1178 1379 Ismariae
1211 1309 1532 1388 edom-amthxggfflg
1570 1354 1702 1385 triennit

1081 1403 1083 1405 ·
1360 1396 1509 1426 Bacchae.

965 1461 1047 1495 Vid.
1069 1462 1226 1506 interpp.
1249 1467 1296 1499 ad
1319 1468 1501 1500 Theocrit.
1517 1467 1606 1512 vn,
1625 1468 1700 1502 111.

965 1516 1103 1551 Edona
1125 1523 1244 1553 autem
1266 1522 1353 1564 iuga
1374 1525 1460 1555 sunt
1482 1525 1623 1556 montes
1645 1524 1700 1556 E-

965 1576 1068 1608 donis
1096 1576 1177 1608 sive
1205 1577 1322 1610 Edoni
1356 1578 1394 1610 in
1423 1579 1605 1621 Thracia,
1639 1579 1700 1620 qui

964 1633 1022 1662 est
1042 1639 1128 1671 pars
1151 1631 1278 1665 Haemi
1305 1633 1412 1670 (Plin.
1441 1635 1485 1668 N.
1515 1635 1558 1667 ΙΙ.
1580 1635 1643 1667 1v.
1666 1643 1698 1668 c.

966 1684 1053 1727 110,
1077 1694 1100 1717 a
1123 1686 1223 1718 cuius
1245 1688 1408 1729 regionis
1422 1688 1552 1723 incolis
1565 1689 1700 1722 Bacchi

967 1735 1072 1783 orgia
1082 1742 1279 1783 praecipue
1294 1743 1585 1777 celebrabantur.
1604 1743 1700 1776 Hinc

964 1797 1139 1843 Bacchus
1169 1797 1247 1839 ipse
1276 1797 1453 1840 Edonus,
1483 1801 1523 1832 ut
1551 1800 1698 1832 Remed.

964 1854 1007 1884 A.
1031 1862 1067 1884 v.
1090 1853 1166 1885 593.
1218 1853 1302 1886 vid.
1325 1856 1472 1887 Metam.
1494 1856 1561 1897 xl,
1583 1855 1638 1887 69.
1660 1856 1700 1888 et

963 1907 1079 1938 Bentl.
1102 1909 1146 1940 ad
1164 1910 1254 1942 Hor.
1275 1910 1340 1943 Od.
1361 1912 1431 1953 ΙΙΙ,
1449 1910 1508 1952 25,
1525 1910 1557 1942 8.
1592 1908 1698 1942 Conf.

963 1963 1133 2002 Apollod.
1166 1966 1233 1996 111.
1264 1973 1295 1997 c.
1324 1967 1356 1998 5.
1415 1966 1582 1999 ceterum
1606 1972 1697 2004 pro-

963 2017 1064 2049 duxit
1087 2019 1238 2050 mediam
1262 2020 1364 2051 vocis
1388 2018 1545 2051 Edonus
1576 2018 1697 2060 sylla-

962 2072 1042 2105 bam
1067 2073 1174 2105 etiam
1199 2075 1285 2106 Hor.
1309 2075 1361 2116 ΙΙ,
1384 2075 1422 2116 7,
1444 2075 1499 2106 27.

1028 2161 1062 2166 -
1079 2162 1113 2167 —
1131 2155 1191 2175 non
1210 2155 1266 2183 ego
1285 2147 1389 2177 sanius
1400 2149 1577 2179 bacchabor

1029 2190 1154 2219 Edonis.
1571 2191 1574 2197 “

963 2256 1078 2300 Quam
1102 2260 1320 2301 posterioris
1343 2262 1425 2294 aevi
1451 2262 1585 2304 poetae
1609 2271 1697 2295 cor-

961 2315 1108 2360 ripiunt.
1154 2316 1236 2348 Vid.
1254 2320 1329 2349 not.
1348 2320 1393 2350 ad
1416 2320 1449 2360 Ι,
1467 2319 1503 2360 4,
1522 2319 1554 2351 3.
1577 2321 1614 2351 et
1636 2319 1696 2351 in-

962 2373 1078 2411 terpp.
1102 2373 1147 2403 ad
1170 2372 1234 2404 Sil.
1260 2373 1335 2414 IV,
1372 2374 1447 2405 778.
1502 2374 1575 2406 Pro
1596 2374 1695 2406 scri-

959 2430 1067 2466 ptura
1092 2426 1221 2459 Idaeis
1244 2436 1350 2459 unum
1364 2428 1453 2460 illud
1466 2429 1592 2462 afferri
1604 2438 1692 2469 pos-

959 2483 1029 2523 sit,
1060 2484 1153 2523 quod
1185 2483 1303 2515 cultus
1328 2486 1486 2526 Magnae
1506 2485 1694 2527 matris-1-

960 2537 1040 2568 daei
1076 2540 1112 2569 et
1149 2539 1327 2571 Bacchica
1365 2547 1476 2571 sacra
1515 2547 1538 2571 a
1573 2539 1691 2580 poetis

958 2599 1210 2632 nonnunquam
1225 2595 1501 2626 confundantur.
1521 2594 1601 2626 Vid.
1614 2595 1693 2626 Eu-

957 2646 1026 2686 rip.
1050 2642 1238 2680 Bacch.'v.
1262 2651 1315 2682 80.
1340 2652 1377 2681 et
1398 2657 1495 2690 seqq.
1518 2652 1555 2682 et
1577 2650 1622 2681 de
1645 2658 1690 2683 eo

956 2699 1041 2732 loco
1067 2702 1191 2734 Sti-ab.
1213 2705 1255 2738 X.
1280 2714 1313 2744 p.
1339 2705 1415 2737 323.

1006 2755 1164 2789 Ucucare
1188 2759 1231 2789 de
1255 2759 1449 2792 furibundo
1468 2761 1691 2793 Baccharum

955 2811 1118 2843 clamore
1140 2813 1290 2853 proprie
1314 2814 1453 2847 dicitur.
1498 2816 1580 2848 Vid.
1599 2818 1689 2849 Met.

953 2867 1026 2908 IX,
1056 2866 1155 2909 643„
1184 2870 1258 2910 XI,
1291 2869 1359 2911 17„
1391 2871 1469 2912 ΙΙΙ,
1492 2871 1568 2903 528.
1614 2873 1687 2904 Sed
