<?xml version="1.0" encoding="UTF-8"?>
<!DOCTYPE html PUBLIC "-//W3C//DTD XHTML 1.0 Transitional//EN"
    "http://www.w3.org/TR/xhtml1/DTD/xhtml1-transitional.dtd">
<html xmlns="http://www.w3.org/1999/xhtml" xml:lang="en" lang="en">
 <head>
  <title>
</title>
<meta http-equiv="Content-Type" content="text/html;charset=utf-8" />
  <meta name='ocr-system' content='tesseract 3.04.00' />
  <meta name='ocr-capabilities' content='ocr_page ocr_carea ocr_par ocr_line ocrx_word'/>
</head>
<body>
  <div class='ocr_page' id='page_1' title='image "./tristiumlibriqui00oviduoft_0076.png"; bbox 0 0 1846 3146; ppageno 0'>
   <div class='ocr_carea' id='block_1_1' title="bbox 223 172 288 220">
    <p class='ocr_par' dir='ltr' id='par_1_1' title="bbox 223 172 288 220">
     <span class='ocr_line' id='line_1_1' title="bbox 223 172 288 220; baseline 0 0"><span class='ocrx_word' id='word_1_1' title='bbox 223 172 288 220; x_wconf 85' lang='grc'>38</span> 
     </span>
    </p>
   </div>
   <div class='ocr_carea' id='block_1_2' title="bbox 464 156 1504 237">
    <p class='ocr_par' dir='ltr' id='par_1_2' title="bbox 464 156 1504 237">
     <span class='ocr_line' id='line_1_2' title="bbox 464 156 1504 237; baseline 0.013 -15"><span class='ocrx_word' id='word_1_2' title='bbox 464 174 520 223; x_wconf 89' lang='lat' dir='ltr'>P.</span> <span class='ocrx_word' id='word_1_3' title='bbox 556 174 777 227; x_wconf 81' lang='lat' dir='ltr'>ovlnu</span> <span class='ocrx_word' id='word_1_4' title='bbox 812 177 1126 232; x_wconf 82' lang='lat' dir='ltr'><strong>NASONIS</strong></span> <span class='ocrx_word' id='word_1_5' title='bbox 1162 156 1504 237; x_wconf 76' lang='lat' dir='ltr'>TRISTIU‘M</span> 
     </span>
    </p>
   </div>
   <div class='ocr_carea' id='block_1_3' title="bbox 219 294 1752 939">
    <p class='ocr_par' dir='ltr' id='par_1_3' title="bbox 219 294 1752 939">
     <span class='ocr_line' id='line_1_3' title="bbox 221 294 1504 369; baseline 0.012 -27"><span class='ocrx_word' id='word_1_6' title='bbox 221 294 443 343; x_wconf 85' lang='lat' dir='ltr'>Difficile</span> <span class='ocrx_word' id='word_1_7' title='bbox 477 303 553 345; x_wconf 80' lang='lat' dir='ltr'>est</span> <span class='ocrx_word' id='word_1_8' title='bbox 586 302 760 359; x_wconf 81' lang='lat' dir='ltr'>tamen,</span> <span class='ocrx_word' id='word_1_9' title='bbox 796 299 878 349; x_wconf 89' lang='lat' dir='ltr'>hic</span> <span class='ocrx_word' id='word_1_10' title='bbox 911 305 1056 351; x_wconf 86' lang='lat' dir='ltr'>remis</span> <span class='ocrx_word' id='word_1_11' title='bbox 1089 307 1240 354; x_wconf 82' lang='lat' dir='ltr'>utaris</span> <span class='ocrx_word' id='word_1_12' title='bbox 1275 324 1337 355; x_wconf 88' lang='lat' dir='ltr'>an</span> <span class='ocrx_word' id='word_1_13' title='bbox 1371 324 1504 369; x_wconf 85' lang='lat' dir='ltr'>aura,</span> 
     </span>
     <span class='ocr_line' id='line_1_4' title="bbox 287 376 1504 453; baseline 0.013 -28"><span class='ocrx_word' id='word_1_14' title='bbox 287 377 494 439; x_wconf 81' lang='lat' dir='ltr'>Dicere3</span> <span class='ocrx_word' id='word_1_15' title='bbox 532 381 787 430; x_wconf 87' lang='lat' dir='ltr'>consilium</span> <span class='ocrx_word' id='word_1_16' title='bbox 822 398 999 448; x_wconf 76' lang='lat' dir='ltr'>resque</span> <span class='ocrx_word' id='word_1_17' title='bbox 1033 376 1271 453; x_wconf 85' lang='lat' dir='ltr'>locusque</span> <span class='ocrx_word' id='word_1_18' title='bbox 1308 390 1504 440; x_wconf 85' lang='lat' dir='ltr'>dabunt.</span> 
     </span>
     <span class='ocr_line' id='line_1_5' title="bbox 220 459 1393 527; baseline 0.014 -20"><span class='ocrx_word' id='word_1_19' title='bbox 220 459 281 508; x_wconf 81' lang='lat' dir='ltr'>Si</span> <span class='ocrx_word' id='word_1_20' title='bbox 315 463 500 527; x_wconf 86' lang='lat' dir='ltr'>poteris</span> <span class='ocrx_word' id='word_1_21' title='bbox 536 479 697 513; x_wconf 83' lang='lat' dir='ltr'>vacuo</span> <span class='ocrx_word' id='word_1_22' title='bbox 730 465 873 527; x_wconf 84' lang='lat' dir='ltr'>tradi,</span> <span class='ocrx_word' id='word_1_23' title='bbox 911 470 954 516; x_wconf 83' lang='lat' dir='ltr'>si</span> <span class='ocrx_word' id='word_1_24' title='bbox 989 476 1163 519; x_wconf 84' lang='lat' dir='ltr'>cuncta</span> <span class='ocrx_word' id='word_1_25' title='bbox 1197 472 1393 523; x_wconf 85' lang='lat' dir='ltr'>videbis</span> 
     </span>
     <span class='ocr_line' id='line_1_6' title="bbox 285 543 1435 615; baseline 0.013 -24"><span class='ocrx_word' id='word_1_26' title='bbox 285 545 443 604; x_wconf 63' lang='lat' dir='ltr'>Mida.</span> <span class='ocrx_word' id='word_1_27' title='bbox 480 547 523 592; x_wconf 82' lang='lat' dir='ltr'>si</span> <span class='ocrx_word' id='word_1_28' title='bbox 557 549 693 596; x_wconf 84' lang='lat' dir='ltr'>vires</span> <span class='ocrx_word' id='word_1_29' title='bbox 729 548 936 614; x_wconf 81' lang='lat' dir='ltr'>fregerit</span> <span class='ocrx_word' id='word_1_30' title='bbox 966 553 1039 599; x_wconf 85' lang='lat' dir='ltr'>ira</span> <span class='ocrx_word' id='word_1_31' title='bbox 1071 571 1202 615; x_wconf 78' lang='lat' dir='ltr'>suas,</span> <span class='ocrx_word' id='word_1_32' title='bbox 1432 543 1435 547; x_wconf 38' lang='lat'><strong><em>¹</em></strong></span> 
     </span>
     <span class='ocr_line' id='line_1_7' title="bbox 220 625 1752 695; baseline 0.012 -21"><span class='ocrx_word' id='word_1_33' title='bbox 220 625 280 675; x_wconf 86' lang='lat' dir='ltr'>Si</span> <span class='ocrx_word' id='word_1_34' title='bbox 317 629 422 692; x_wconf 81' lang='lat' dir='ltr'>quis</span> <span class='ocrx_word' id='word_1_35' title='bbox 459 630 566 689; x_wconf 80' lang='lat' dir='ltr'>erit,</span> <span class='ocrx_word' id='word_1_36' title='bbox 605 633 685 695; x_wconf 92' lang='lat' dir='ltr'>qui</span> <span class='ocrx_word' id='word_1_37' title='bbox 719 636 768 680; x_wconf 87' lang='lat' dir='ltr'>te</span> <span class='ocrx_word' id='word_1_38' title='bbox 803 632 1099 685; x_wconf 80' lang='lat' dir='ltr'><strong>dubitantem</strong></span> <span class='ocrx_word' id='word_1_39' title='bbox 1135 644 1185 686; x_wconf 89' lang='lat' dir='ltr'>et</span> <span class='ocrx_word' id='word_1_40' title='bbox 1218 639 1356 689; x_wconf 81' lang='lat' dir='ltr'>adire</span> <span class='ocrx_word' id='word_1_41' title='bbox 1391 643 1633 691; x_wconf 86' lang='lat' dir='ltr'>timentem</span> <span class='ocrx_word' id='word_1_42' title='bbox 1687 643 1752 692; x_wconf 77' lang='lat'>95</span> 
     </span>
     <span class='ocr_line' id='line_1_8' title="bbox 287 709 1528 787; baseline 0.013 -29"><span class='ocrx_word' id='word_1_43' title='bbox 287 709 491 771; x_wconf 81' lang='lat' dir='ltr'>Tradat,</span> <span class='ocrx_word' id='word_1_44' title='bbox 528 718 577 761; x_wconf 86' lang='lat' dir='ltr'>et</span> <span class='ocrx_word' id='word_1_45' title='bbox 611 719 723 763; x_wconf 80' lang='lat' dir='ltr'>ante</span> <span class='ocrx_word' id='word_1_46' title='bbox 760 720 918 764; x_wconf 82' lang='lat' dir='ltr'>tamen</span> <span class='ocrx_word' id='word_1_47' title='bbox 952 735 1109 783; x_wconf 84' lang='lat' dir='ltr'>pauca</span> <span class='ocrx_word' id='word_1_48' title='bbox 1143 722 1395 787; x_wconf 82' lang='lat' dir='ltr'>loquatur3</span> <span class='ocrx_word' id='word_1_49' title='bbox 1433 724 1528 773; x_wconf 78' lang='lat' dir='ltr'>adj.</span> 
     </span>
     <span class='ocr_line' id='line_1_9' title="bbox 219 792 1356 871; baseline 0.013 -31"><span class='ocrx_word' id='word_1_50' title='bbox 219 792 358 842; x_wconf 88' lang='lat' dir='ltr'>Luce</span> <span class='ocrx_word' id='word_1_51' title='bbox 391 794 534 856; x_wconf 77' lang='lat' dir='ltr'>bona,</span> <span class='ocrx_word' id='word_1_52' title='bbox 573 795 862 863; x_wconf 87' lang='lat' dir='ltr'>dominoque</span> <span class='ocrx_word' id='word_1_53' title='bbox 898 805 981 848; x_wconf 78' lang='lat' dir='ltr'>tuo</span> <span class='ocrx_word' id='word_1_54' title='bbox 1015 802 1214 852; x_wconf 85' lang='lat' dir='ltr'>felicior</span> <span class='ocrx_word' id='word_1_55' title='bbox 1246 807 1356 871; x_wconf 83' lang='lat' dir='ltr'>ipso</span> 
     </span>
     <span class='ocr_line' id='line_1_10' title="bbox 285 875 1352 939; baseline 0.012 -15"><span class='ocrx_word' id='word_1_56' title='bbox 285 875 558 927; x_wconf 81' lang='lat' dir='ltr'>Pervenias</span> <span class='ocrx_word' id='word_1_57' title='bbox 594 880 715 930; x_wconf 92' lang='lat' dir='ltr'>illuc</span> <span class='ocrx_word' id='word_1_58' title='bbox 751 887 801 930; x_wconf 87' lang='lat' dir='ltr'>et</span> <span class='ocrx_word' id='word_1_59' title='bbox 834 883 960 931; x_wconf 83' lang='lat' dir='ltr'>mala</span> <span class='ocrx_word' id='word_1_60' title='bbox 995 891 1162 934; x_wconf 79' lang='lat' dir='ltr'>nostra</span> <span class='ocrx_word' id='word_1_61' title='bbox 1194 887 1352 939; x_wconf 78' lang='lat' dir='ltr'>leves.</span> 
     </span>
    </p>
   </div>
   <div class='ocr_carea' id='block_1_4' title="bbox 172 1028 953 1428">
    <p class='ocr_par' dir='ltr' id='par_1_4' title="bbox 172 1028 953 1428">
     <span class='ocr_line' id='line_1_11' title="bbox 219 1028 951 1072; baseline 0.015 -16"><span class='ocrx_word' id='word_1_62' title='bbox 219 1035 295 1057; x_wconf 89' lang='lat' dir='ltr'>mus</span> <span class='ocrx_word' id='word_1_63' title='bbox 334 1028 503 1067; x_wconf 82' lang='lat' dir='ltr'>optimam</span> <span class='ocrx_word' id='word_1_64' title='bbox 539 1030 758 1072; x_wconf 86' lang='lat' dir='ltr'>scripturam</span> <span class='ocrx_word' id='word_1_65' title='bbox 797 1035 951 1067; x_wconf 87' lang='lat' dir='ltr'>omnium</span> 
     </span>
     <span class='ocr_line' id='line_1_12' title="bbox 172 1084 841 1130; baseline 0.013 -18"><span class='ocrx_word' id='word_1_66' title='bbox 172 1084 174 1086; x_wconf 85' lang='lat'>&#39;</span> <span class='ocrx_word' id='word_1_67' title='bbox 217 1090 333 1124; x_wconf 86' lang='lat' dir='ltr'>prope</span> <span class='ocrx_word' id='word_1_68' title='bbox 356 1084 521 1116; x_wconf 90' lang='lat' dir='ltr'>liborum.</span> <span class='ocrx_word' id='word_1_69' title='bbox 546 1087 633 1118; x_wconf 87' lang='lat' dir='ltr'>Met.</span> <span class='ocrx_word' id='word_1_70' title='bbox 657 1087 741 1130; x_wconf 83' lang='lat' dir='ltr'>Vn,</span> <span class='ocrx_word' id='word_1_71' title='bbox 766 1089 841 1121; x_wconf 79' lang='lat'>381.</span> 
     </span>
     <span class='ocr_line' id='line_1_13' title="bbox 283 1156 952 1195; baseline 0.018 -12"><span class='ocrx_word' id='word_1_72' title='bbox 283 1156 416 1185; x_wconf 77' lang='lat' dir='ltr'>Delicuit</span> <span class='ocrx_word' id='word_1_73' title='bbox 446 1162 644 1195; x_wconf 80' lang='lat' dir='ltr'>stagnumque</span> <span class='ocrx_word' id='word_1_74' title='bbox 675 1169 729 1191; x_wconf 89' lang='lat' dir='ltr'>suo</span> <span class='ocrx_word' id='word_1_75' title='bbox 761 1165 798 1192; x_wconf 83' lang='lat' dir='ltr'>de</span> <span class='ocrx_word' id='word_1_76' title='bbox 833 1166 952 1195; x_wconf 89' lang='lat' dir='ltr'>nomine</span> 
     </span>
     <span class='ocr_line' id='line_1_14' title="bbox 617 1203 743 1233; baseline 0.024 -2"><span class='ocrx_word' id='word_1_77' title='bbox 617 1203 690 1233; x_wconf 84' lang='lat' dir='ltr'>fecit</span> <span class='ocrx_word' id='word_1_78' title='bbox 709 1223 743 1227; x_wconf 78' lang='lat'>—</span> 
     </span>
     <span class='ocr_line' id='line_1_15' title="bbox 222 1271 952 1317; baseline 0.016 -16"><span class='ocrx_word' id='word_1_79' title='bbox 222 1271 324 1303; x_wconf 89' lang='lat' dir='ltr'>Unus</span> <span class='ocrx_word' id='word_1_80' title='bbox 355 1273 439 1305; x_wconf 81' lang='lat' dir='ltr'>Vat.</span> <span class='ocrx_word' id='word_1_81' title='bbox 470 1273 615 1316; x_wconf 63' lang='grc' dir='ltr'>εἰμηαΐ,</span> <span class='ocrx_word' id='word_1_82' title='bbox 662 1279 757 1317; x_wconf 87' lang='lat' dir='ltr'>quod</span> <span class='ocrx_word' id='word_1_83' title='bbox 794 1281 896 1312; x_wconf 84' lang='lat' dir='ltr'>fiuxit</span> <span class='ocrx_word' id='word_1_84' title='bbox 932 1289 952 1312; x_wconf 90' lang='lat' dir='ltr'>e</span> 
     </span>
     <span class='ocr_line' id='line_1_16' title="bbox 217 1326 953 1372; baseline 0.018 -16"><span class='ocrx_word' id='word_1_85' title='bbox 217 1326 282 1368; x_wconf 81' lang='grc' dir='ltr'>ΠΙ,</span> <span class='ocrx_word' id='word_1_86' title='bbox 307 1327 342 1369; x_wconf 84' lang='grc'>4,</span> <span class='ocrx_word' id='word_1_87' title='bbox 367 1329 419 1361; x_wconf 82' lang='grc'>22.</span> <span class='ocrx_word' id='word_1_88' title='bbox 437 1347 479 1352; x_wconf 90' lang='lat'>—-</span> <span class='ocrx_word' id='word_1_89' title='bbox 497 1329 680 1372; x_wconf 76' lang='lat' dir='ltr'>InfirmiS,</span> <span class='ocrx_word' id='word_1_90' title='bbox 705 1342 792 1366; x_wconf 82' lang='lat' dir='ltr'>cera</span> <span class='ocrx_word' id='word_1_91' title='bbox 815 1335 953 1368; x_wconf 75' lang='lat' dir='ltr'>iunctis</span> 
     </span>
     <span class='ocr_line' id='line_1_17' title="bbox 216 1380 920 1428; baseline 0.017 -17"><span class='ocrx_word' id='word_1_92' title='bbox 216 1380 306 1414; x_wconf 71' lang='lat' dir='ltr'>illis.</span> <span class='ocrx_word' id='word_1_93' title='bbox 344 1384 406 1416; x_wconf 85' lang='lat' dir='ltr'>Fr.</span> <span class='ocrx_word' id='word_1_94' title='bbox 430 1386 520 1418; x_wconf 86' lang='lat' dir='ltr'>Rev.</span> <span class='ocrx_word' id='word_1_95' title='bbox 544 1385 682 1428; x_wconf 74' lang='lat' dir='ltr'>infirm.</span> <span class='ocrx_word' id='word_1_96' title='bbox 708 1389 802 1422; x_wconf 80' lang='lat' dir='ltr'>coeli</span> <span class='ocrx_word' id='word_1_97' title='bbox 825 1391 920 1423; x_wconf 79' lang='lat' dir='ltr'>subl.</span> 
     </span>
    </p>
   </div>
   <div class='ocr_carea' id='block_1_5' title="bbox 169 1462 951 1910">
    <p class='ocr_par' dir='ltr' id='par_1_5' title="bbox 169 1462 951 1910">
     <span class='ocr_line' id='line_1_18' title="bbox 264 1462 951 1521; baseline 0.015 -19"><span class='ocrx_word' id='word_1_98' title='bbox 264 1470 316 1503; x_wconf 88' lang='grc'>91.</span> <span class='ocrx_word' id='word_1_99' title='bbox 341 1471 414 1504; x_wconf 77' lang='lat' dir='ltr'>Hic</span> <span class='ocrx_word' id='word_1_100' title='bbox 436 1473 551 1506; x_wconf 78' lang='lat' dir='ltr'>remis</span> <span class='ocrx_word' id='word_1_101' title='bbox 574 1462 664 1508; x_wconf 50' lang='lat' dir='ltr'>etc)</span> <span class='ocrx_word' id='word_1_102' title='bbox 689 1478 773 1510; x_wconf 83' lang='lat' dir='ltr'>Vat.</span> <span class='ocrx_word' id='word_1_103' title='bbox 798 1475 851 1521; x_wconf 87' lang='lat'>1.&#39;,</span> <span class='ocrx_word' id='word_1_104' title='bbox 874 1480 951 1512; x_wconf 83' lang='lat' dir='ltr'>Pal.</span> 
     </span>
     <span class='ocr_line' id='line_1_19' title="bbox 218 1527 951 1577; baseline 0.012 -19"><span class='ocrx_word' id='word_1_105' title='bbox 218 1527 267 1569; x_wconf 76' lang='grc'>2.,</span> <span class='ocrx_word' id='word_1_106' title='bbox 291 1529 442 1570; x_wconf 90' lang='lat' dir='ltr'>uterque</span> <span class='ocrx_word' id='word_1_107' title='bbox 466 1531 542 1562; x_wconf 90' lang='lat' dir='ltr'>Pol.</span> <span class='ocrx_word' id='word_1_108' title='bbox 551 1553 565 1573; x_wconf 87' lang='lat'>‚</span> <span class='ocrx_word' id='word_1_109' title='bbox 589 1532 678 1564; x_wconf 84' lang='lat' dir='ltr'>Exc.</span> <span class='ocrx_word' id='word_1_110' title='bbox 700 1532 808 1565; x_wconf 86' lang='lat' dir='ltr'>Voss.</span> <span class='ocrx_word' id='word_1_111' title='bbox 816 1555 830 1575; x_wconf 86' lang='grc'>,</span> <span class='ocrx_word' id='word_1_112' title='bbox 860 1535 951 1577; x_wconf 82' lang='lat' dir='ltr'>Reg.</span> 
     </span>
     <span class='ocr_line' id='line_1_20' title="bbox 217 1578 950 1631; baseline 0.008 -14"><span class='ocrx_word' id='word_1_113' title='bbox 217 1585 386 1627; x_wconf 80' lang='lat' dir='ltr'>Gottorp.</span> <span class='ocrx_word' id='word_1_114' title='bbox 431 1578 454 1619; x_wconf 56' lang='lat' dir='ltr'>a&#39;</span> <span class='ocrx_word' id='word_1_115' title='bbox 494 1587 524 1619; x_wconf 91' lang='lat'>1.</span> <span class='ocrx_word' id='word_1_116' title='bbox 562 1596 607 1619; x_wconf 91' lang='lat' dir='ltr'>m.</span> <span class='ocrx_word' id='word_1_117' title='bbox 618 1610 632 1630; x_wconf 88' lang='lat'><em>,</em></span> <span class='ocrx_word' id='word_1_118' title='bbox 672 1589 778 1631; x_wconf 85' lang='lat' dir='ltr'>Seg.,</span> <span class='ocrx_word' id='word_1_119' title='bbox 829 1591 950 1623; x_wconf 82' lang='lat' dir='ltr'>Guelf.</span> 
     </span>
     <span class='ocr_line' id='line_1_21' title="bbox 216 1640 951 1687; baseline 0.008 -15"><span class='ocrx_word' id='word_1_120' title='bbox 216 1640 314 1673; x_wconf 69' lang='lat' dir='ltr'>ltine.</span> <span class='ocrx_word' id='word_1_121' title='bbox 361 1643 423 1675; x_wconf 83' lang='lat' dir='ltr'>Fr.</span> <span class='ocrx_word' id='word_1_122' title='bbox 455 1644 547 1675; x_wconf 85' lang='lat' dir='ltr'>Rev.</span> <span class='ocrx_word' id='word_1_123' title='bbox 577 1651 678 1674; x_wconf 78' lang='lat' dir='ltr'>mmo</span> <span class='ocrx_word' id='word_1_124' title='bbox 708 1645 766 1675; x_wconf 77' lang='lat' dir='ltr'>est</span> <span class='ocrx_word' id='word_1_125' title='bbox 794 1644 951 1687; x_wconf 74' lang='lat' dir='ltr'>difficile</span> 
     </span>
     <span class='ocr_line' id='line_1_22' title="bbox 215 1696 951 1741; baseline 0.01 -14"><span class='ocrx_word' id='word_1_126' title='bbox 215 1696 340 1728; x_wconf 72' lang='lat' dir='ltr'>remis.</span> <span class='ocrx_word' id='word_1_127' title='bbox 360 1699 491 1732; x_wconf 86' lang='lat' dir='ltr'>Franc.</span> <span class='ocrx_word' id='word_1_128' title='bbox 506 1701 542 1732; x_wconf 85' lang='lat' dir='ltr'>et</span> <span class='ocrx_word' id='word_1_129' title='bbox 554 1700 632 1731; x_wconf 86' lang='lat' dir='ltr'>Iun.</span> <span class='ocrx_word' id='word_1_130' title='bbox 647 1697 805 1741; x_wconf 77' lang='lat' dir='ltr'>difficile</span> <span class='ocrx_word' id='word_1_131' title='bbox 818 1701 875 1733; x_wconf 80' lang='lat' dir='ltr'>est</span> <span class='ocrx_word' id='word_1_132' title='bbox 889 1702 951 1733; x_wconf 83' lang='lat' dir='ltr'>ta-</span> 
     </span>
     <span class='ocr_line' id='line_1_23' title="bbox 213 1753 949 1800; baseline 0.01 -18"><span class='ocrx_word' id='word_1_133' title='bbox 213 1759 296 1783; x_wconf 82' lang='lat' dir='ltr'>men</span> <span class='ocrx_word' id='word_1_134' title='bbox 316 1753 376 1785; x_wconf 60' lang='lat' dir='ltr'>act</span> <span class='ocrx_word' id='word_1_135' title='bbox 407 1754 534 1787; x_wconf 70' lang='lat' dir='ltr'>remis.</span> <span class='ocrx_word' id='word_1_136' title='bbox 587 1754 758 1798; x_wconf 88' lang='lat' dir='ltr'>Pirekh.,</span> <span class='ocrx_word' id='word_1_137' title='bbox 803 1756 949 1800; x_wconf 83' lang='lat' dir='ltr'>Dresd.,</span> 
     </span>
     <span class='ocr_line' id='line_1_24' title="bbox 169 1807 950 1858; baseline 0.009 -20"><span class='ocrx_word' id='word_1_138' title='bbox 169 1848 171 1850; x_wconf 21' lang='grc' dir='ltr'>Ι</span> <span class='ocrx_word' id='word_1_139' title='bbox 214 1807 335 1840; x_wconf 89' lang='lat' dir='ltr'>Berol.</span> <span class='ocrx_word' id='word_1_140' title='bbox 367 1811 404 1842; x_wconf 86' lang='lat' dir='ltr'>et</span> <span class='ocrx_word' id='word_1_141' title='bbox 434 1811 502 1842; x_wconf 86' lang='lat' dir='ltr'>XII</span> <span class='ocrx_word' id='word_1_142' title='bbox 529 1811 652 1843; x_wconf 86' lang='lat' dir='ltr'>Heius.</span> <span class='ocrx_word' id='word_1_143' title='bbox 686 1820 767 1858; x_wconf 82' lang='lat' dir='ltr'>cum</span> <span class='ocrx_word' id='word_1_144' title='bbox 798 1813 852 1845; x_wconf 88' lang='lat' dir='ltr'>ed.</span> <span class='ocrx_word' id='word_1_145' title='bbox 876 1815 950 1846; x_wconf 89' lang='lat' dir='ltr'>Bo-</span> 
     </span>
     <span class='ocr_line' id='line_1_25' title="bbox 214 1865 950 1910; baseline 0.007 -16"><span class='ocrx_word' id='word_1_146' title='bbox 214 1870 298 1895; x_wconf 90' lang='lat' dir='ltr'>non.</span> <span class='ocrx_word' id='word_1_147' title='bbox 323 1873 373 1896; x_wconf 86' lang='lat' dir='ltr'>an</span> <span class='ocrx_word' id='word_1_148' title='bbox 397 1865 523 1898; x_wconf 74' lang='lat' dir='ltr'>remis.</span> <span class='ocrx_word' id='word_1_149' title='bbox 569 1868 665 1899; x_wconf 89' lang='lat' dir='ltr'>Mor.</span> <span class='ocrx_word' id='word_1_150' title='bbox 690 1874 713 1898; x_wconf 85' lang='lat' dir='ltr'>a</span> <span class='ocrx_word' id='word_1_151' title='bbox 737 1866 766 1898; x_wconf 89' lang='lat'>1.</span> <span class='ocrx_word' id='word_1_152' title='bbox 782 1876 826 1899; x_wconf 89' lang='lat' dir='ltr'>m.</span> <span class='ocrx_word' id='word_1_153' title='bbox 843 1867 950 1910; x_wconf 73' lang='lat' dir='ltr'>diffi-</span> 
     </span>
    </p>
   </div>
   <div class='ocr_carea' id='block_1_6' title="bbox 213 1917 957 1964">
    <p class='ocr_par' dir='ltr' id='par_1_6' title="bbox 213 1917 957 1964">
     <span class='ocr_line' id='line_1_26' title="bbox 213 1917 957 1964; baseline 0.008 -14"><span class='ocrx_word' id='word_1_154' title='bbox 213 1917 286 1950; x_wconf 82' lang='lat' dir='ltr'>cile</span> <span class='ocrx_word' id='word_1_155' title='bbox 303 1919 425 1953; x_wconf 79' lang='lat' dir='ltr'>tamen</span> <span class='ocrx_word' id='word_1_156' title='bbox 463 1930 524 1952; x_wconf 81' lang='lat' dir='ltr'>an.</span> <span class='ocrx_word' id='word_1_157' title='bbox 570 1922 676 1953; x_wconf 89' lang='lat' dir='ltr'>Bern.</span> <span class='ocrx_word' id='word_1_158' title='bbox 701 1921 861 1964; x_wconf 78' lang='lat' dir='ltr'>difficile</span> <span class='ocrx_word' id='word_1_159' title='bbox 885 1925 957 1956; x_wconf 69' lang='lat' dir='ltr'>ta-</span> 
     </span>
    </p>
   </div>
   <div class='ocr_carea' id='block_1_7' title="bbox 211 1975 951 2122">
    <p class='ocr_par' dir='ltr' id='par_1_7' title="bbox 211 1975 951 2122">
     <span class='ocr_line' id='line_1_27' title="bbox 211 1975 950 2021; baseline 0.008 -16"><span class='ocrx_word' id='word_1_160' title='bbox 211 1981 296 2006; x_wconf 80' lang='lat' dir='ltr'>men</span> <span class='ocrx_word' id='word_1_161' title='bbox 320 1976 386 2007; x_wconf 79' lang='lat' dir='ltr'>est.</span> <span class='ocrx_word' id='word_1_162' title='bbox 439 1975 539 2011; x_wconf 74' lang='lat' dir='ltr'>Gott.</span> <span class='ocrx_word' id='word_1_163' title='bbox 579 1985 603 2009; x_wconf 84' lang='lat' dir='ltr'>a</span> <span class='ocrx_word' id='word_1_164' title='bbox 636 1978 667 2009; x_wconf 83' lang='lat'>2.</span> <span class='ocrx_word' id='word_1_165' title='bbox 699 1986 744 2010; x_wconf 89' lang='lat' dir='ltr'>m.</span> <span class='ocrx_word' id='word_1_166' title='bbox 776 1978 855 2021; x_wconf 77' lang='lat' dir='ltr'>diff.</span> <span class='ocrx_word' id='word_1_167' title='bbox 889 1978 950 2011; x_wconf 81' lang='lat' dir='ltr'>hic</span> 
     </span>
     <span class='ocr_line' id='line_1_28' title="bbox 213 2030 951 2075; baseline 0.007 -14"><span class='ocrx_word' id='word_1_168' title='bbox 213 2030 338 2062; x_wconf 80' lang='lat' dir='ltr'>tamen</span> <span class='ocrx_word' id='word_1_169' title='bbox 367 2032 434 2063; x_wconf 74' lang='lat' dir='ltr'>est.</span> <span class='ocrx_word' id='word_1_170' title='bbox 481 2033 589 2066; x_wconf 88' lang='lat' dir='ltr'>Crev.</span> <span class='ocrx_word' id='word_1_171' title='bbox 628 2031 707 2075; x_wconf 74' lang='lat' dir='ltr'>diff.</span> <span class='ocrx_word' id='word_1_172' title='bbox 740 2033 863 2065; x_wconf 80' lang='lat' dir='ltr'>tamen</span> <span class='ocrx_word' id='word_1_173' title='bbox 894 2035 951 2066; x_wconf 81' lang='lat' dir='ltr'>est</span> 
     </span>
     <span class='ocr_line' id='line_1_29' title="bbox 211 2085 946 2122; baseline 0.007 -5"><span class='ocrx_word' id='word_1_174' title='bbox 211 2085 326 2118; x_wconf 78' lang='lat' dir='ltr'>remis</span> <span class='ocrx_word' id='word_1_175' title='bbox 347 2086 445 2120; x_wconf 63' lang='lat' dir='ltr'>ltine.</span> <span class='ocrx_word' id='word_1_176' title='bbox 489 2090 588 2121; x_wconf 85' lang='lat' dir='ltr'>Unus</span> <span class='ocrx_word' id='word_1_177' title='bbox 612 2089 698 2122; x_wconf 79' lang='lat' dir='ltr'>vat.</span> <span class='ocrx_word' id='word_1_178' title='bbox 722 2088 783 2120; x_wconf 76' lang='lat' dir='ltr'>hic</span> <span class='ocrx_word' id='word_1_179' title='bbox 807 2098 856 2121; x_wconf 83' lang='lat' dir='ltr'>an</span> <span class='ocrx_word' id='word_1_180' title='bbox 879 2098 946 2122; x_wconf 83' lang='lat' dir='ltr'>re-</span> 
     </span>
    </p>
   </div>
   <div class='ocr_carea' id='block_1_8' title="bbox 158 2141 948 2186">
    <p class='ocr_par' dir='ltr' id='par_1_8' title="bbox 158 2141 948 2186">
     <span class='ocr_line' id='line_1_30' title="bbox 158 2141 948 2186; baseline 0.005 -13"><span class='ocrx_word' id='word_1_181' title='bbox 158 2178 162 2182; x_wconf 53' lang='grc'>,</span> <span class='ocrx_word' id='word_1_182' title='bbox 210 2141 292 2174; x_wconf 76' lang='lat' dir='ltr'>mis.</span> <span class='ocrx_word' id='word_1_183' title='bbox 339 2145 413 2176; x_wconf 82' lang='lat' dir='ltr'>Sed</span> <span class='ocrx_word' id='word_1_184' title='bbox 443 2147 532 2177; x_wconf 88' lang='lat' dir='ltr'>vett.</span> <span class='ocrx_word' id='word_1_185' title='bbox 564 2146 643 2177; x_wconf 89' lang='lat' dir='ltr'>edd.</span> <span class='ocrx_word' id='word_1_186' title='bbox 656 2166 670 2186; x_wconf 86' lang='grc'>,</span> <span class='ocrx_word' id='word_1_187' title='bbox 695 2145 802 2177; x_wconf 82' lang='lat' dir='ltr'>Goth.</span> <span class='ocrx_word' id='word_1_188' title='bbox 824 2145 860 2176; x_wconf 90' lang='lat' dir='ltr'>in</span> <span class='ocrx_word' id='word_1_189' title='bbox 883 2154 948 2177; x_wconf 84' lang='lat' dir='ltr'>ra-</span> 
     </span>
    </p>
   </div>
   <div class='ocr_carea' id='block_1_9' title="bbox 206 2199 949 2908">
    <p class='ocr_par' dir='ltr' id='par_1_9' title="bbox 206 2199 949 2908">
     <span class='ocr_line' id='line_1_31' title="bbox 210 2199 947 2244; baseline 0.005 -15"><span class='ocrx_word' id='word_1_190' title='bbox 210 2206 320 2241; x_wconf 83' lang='lat' dir='ltr'>sura,</span> <span class='ocrx_word' id='word_1_191' title='bbox 364 2199 444 2233; x_wconf 86' lang='lat' dir='ltr'>Rel.</span> <span class='ocrx_word' id='word_1_192' title='bbox 491 2202 529 2232; x_wconf 91' lang='lat' dir='ltr'>et</span> <span class='ocrx_word' id='word_1_193' title='bbox 558 2201 686 2242; x_wconf 86' lang='lat' dir='ltr'>multi,</span> <span class='ocrx_word' id='word_1_194' title='bbox 719 2202 758 2233; x_wconf 91' lang='lat' dir='ltr'>ut</span> <span class='ocrx_word' id='word_1_195' title='bbox 787 2201 947 2244; x_wconf 86' lang='lat' dir='ltr'>videtur,</span> 
     </span>
     <span class='ocr_line' id='line_1_32' title="bbox 212 2254 947 2299; baseline 0.004 -12"><span class='ocrx_word' id='word_1_196' title='bbox 212 2255 370 2298; x_wconf 84' lang='lat' dir='ltr'>Heinsii,</span> <span class='ocrx_word' id='word_1_197' title='bbox 408 2254 487 2297; x_wconf 78' lang='lat' dir='ltr'>hic,</span> <span class='ocrx_word' id='word_1_198' title='bbox 527 2265 559 2296; x_wconf 88' lang='lat' dir='ltr'>q.</span> <span class='ocrx_word' id='word_1_199' title='bbox 598 2263 629 2287; x_wconf 90' lang='lat' dir='ltr'>e.</span> <span class='ocrx_word' id='word_1_200' title='bbox 661 2255 698 2288; x_wconf 89' lang='lat' dir='ltr'>in</span> <span class='ocrx_word' id='word_1_201' title='bbox 726 2255 795 2288; x_wconf 84' lang='lat' dir='ltr'>hac</span> <span class='ocrx_word' id='word_1_202' title='bbox 825 2265 888 2299; x_wconf 83' lang='lat' dir='ltr'>re,</span> <span class='ocrx_word' id='word_1_203' title='bbox 911 2258 947 2290; x_wconf 90' lang='lat' dir='ltr'>in</span> 
     </span>
     <span class='ocr_line' id='line_1_33' title="bbox 210 2309 949 2345; baseline 0.005 -4"><span class='ocrx_word' id='word_1_204' title='bbox 210 2311 376 2343; x_wconf 81' lang='lat' dir='ltr'>adeundo</span> <span class='ocrx_word' id='word_1_205' title='bbox 431 2311 603 2345; x_wconf 82' lang='lat' dir='ltr'>caesare.</span> <span class='ocrx_word' id='word_1_206' title='bbox 657 2309 806 2344; x_wconf 76' lang='lat' dir='ltr'>Merkel</span> <span class='ocrx_word' id='word_1_207' title='bbox 852 2313 949 2345; x_wconf 82' lang='lat' dir='ltr'>dedit</span> 
     </span>
     <span class='ocr_line' id='line_1_34' title="bbox 210 2364 946 2408; baseline 0.004 -12"><span class='ocrx_word' id='word_1_208' title='bbox 210 2364 297 2398; x_wconf 70' lang='lat' dir='ltr'>hinc</span> <span class='ocrx_word' id='word_1_209' title='bbox 329 2376 407 2399; x_wconf 87' lang='lat' dir='ltr'>cum</span> <span class='ocrx_word' id='word_1_210' title='bbox 437 2366 758 2408; x_wconf 74' lang='lat' dir='ltr'>interpretatIone:</span> <span class='ocrx_word' id='word_1_211' title='bbox 797 2375 845 2399; x_wconf 68' lang='grc' dir='ltr'>εει·</span> <span class='ocrx_word' id='word_1_212' title='bbox 875 2367 946 2399; x_wconf 78' lang='lat' dir='ltr'>hoc</span> 
     </span>
     <span class='ocr_line' id='line_1_35' title="bbox 215 2420 943 2464; baseline 0.003 -12"><span class='ocrx_word' id='word_1_213' title='bbox 215 2420 427 2454; x_wconf 81' lang='lat' dir='ltr'>Tomitamo</span> <span class='ocrx_word' id='word_1_214' title='bbox 463 2421 618 2464; x_wconf 69' lang='lat' dir='ltr'>exsilio,</span> <span class='ocrx_word' id='word_1_215' title='bbox 665 2422 743 2454; x_wconf 85' lang='lat' dir='ltr'>tam</span> <span class='ocrx_word' id='word_1_216' title='bbox 787 2423 943 2454; x_wconf 83' lang='lat' dir='ltr'>remoto.</span> 
     </span>
     <span class='ocr_line' id='line_1_36' title="bbox 212 2477 946 2519; baseline 0.001 -11"><span class='ocrx_word' id='word_1_217' title='bbox 212 2478 308 2509; x_wconf 83' lang='lat' dir='ltr'>Mor.</span> <span class='ocrx_word' id='word_1_218' title='bbox 332 2486 355 2509; x_wconf 85' lang='lat' dir='ltr'>a</span> <span class='ocrx_word' id='word_1_219' title='bbox 379 2479 411 2510; x_wconf 80' lang='lat'>2.</span> <span class='ocrx_word' id='word_1_220' title='bbox 433 2488 478 2512; x_wconf 90' lang='lat' dir='ltr'>m.</span> <span class='ocrx_word' id='word_1_221' title='bbox 499 2478 539 2515; x_wconf 74' lang='lat' dir='ltr'>in</span> <span class='ocrx_word' id='word_1_222' title='bbox 565 2479 676 2519; x_wconf 77' lang='lat' dir='ltr'><em>aula,</em></span> <span class='ocrx_word' id='word_1_223' title='bbox 707 2479 801 2510; x_wconf 89' lang='lat' dir='ltr'>unde</span> <span class='ocrx_word' id='word_1_224' title='bbox 825 2477 946 2511; x_wconf 82' lang='lat' dir='ltr'>Servii</span> 
     </span>
     <span class='ocr_line' id='line_1_37' title="bbox 209 2532 942 2574; baseline 0.001 -10"><span class='ocrx_word' id='word_1_225' title='bbox 209 2533 393 2574; x_wconf 85' lang='lat' dir='ltr'>scriptura</span> <span class='ocrx_word' id='word_1_226' title='bbox 416 2543 466 2566; x_wconf 82' lang='lat' dir='ltr'>cm</span> <span class='ocrx_word' id='word_1_227' title='bbox 488 2535 565 2566; x_wconf 77' lang='lat' dir='ltr'>ala.</span> <span class='ocrx_word' id='word_1_228' title='bbox 590 2535 626 2567; x_wconf 91' lang='lat' dir='ltr'>V</span> <span class='ocrx_word' id='word_1_229' title='bbox 641 2534 762 2567; x_wconf 85' lang='lat' dir='ltr'>Heius.</span> <span class='ocrx_word' id='word_1_230' title='bbox 776 2532 815 2565; x_wconf 84' lang='lat' dir='ltr'>in</span> <span class='ocrx_word' id='word_1_231' title='bbox 831 2542 942 2571; x_wconf 71' lang='lat' dir='ltr'>ewra.</span> 
     </span>
     <span class='ocr_line' id='line_1_38' title="bbox 209 2589 944 2622; baseline -0.001 -2"><span class='ocrx_word' id='word_1_232' title='bbox 209 2590 285 2621; x_wconf 89' lang='lat' dir='ltr'>Iun.</span> <span class='ocrx_word' id='word_1_233' title='bbox 318 2589 361 2620; x_wconf 78' lang='lat' dir='ltr'>ut</span> <span class='ocrx_word' id='word_1_234' title='bbox 390 2598 502 2621; x_wconf 77' lang='lat' dir='ltr'>aura.</span> <span class='ocrx_word' id='word_1_235' title='bbox 547 2591 645 2622; x_wconf 90' lang='lat' dir='ltr'>Busl.</span> <span class='ocrx_word' id='word_1_236' title='bbox 677 2589 716 2622; x_wconf 79' lang='lat' dir='ltr'>in</span> <span class='ocrx_word' id='word_1_237' title='bbox 739 2596 870 2620; x_wconf 80' lang='lat' dir='ltr'>auras.</span> <span class='ocrx_word' id='word_1_238' title='bbox 900 2604 944 2609; x_wconf 90' lang='lat'>—</span> 
     </span>
     <span class='ocr_line' id='line_1_39' title="bbox 208 2643 944 2688; baseline -0.004 -11"><span class='ocrx_word' id='word_1_239' title='bbox 208 2643 450 2688; x_wconf 67' lang='lat' dir='ltr'>Interpretes,</span> <span class='ocrx_word' id='word_1_240' title='bbox 476 2654 557 2678; x_wconf 88' lang='lat' dir='ltr'>cum</span> <span class='ocrx_word' id='word_1_241' title='bbox 589 2653 704 2678; x_wconf 85' lang='lat' dir='ltr'>naves</span> <span class='ocrx_word' id='word_1_242' title='bbox 726 2643 819 2677; x_wconf 78' lang='lat' dir='ltr'>velis</span> <span class='ocrx_word' id='word_1_243' title='bbox 843 2644 944 2675; x_wconf 90' lang='lat' dir='ltr'>eele-</span> 
     </span>
     <span class='ocr_line' id='line_1_40' title="bbox 207 2700 943 2744; baseline 0 -13"><span class='ocrx_word' id='word_1_244' title='bbox 207 2700 303 2741; x_wconf 82' lang='lat' dir='ltr'>rius,</span> <span class='ocrx_word' id='word_1_245' title='bbox 340 2709 443 2740; x_wconf 84' lang='lat' dir='ltr'>quam</span> <span class='ocrx_word' id='word_1_246' title='bbox 488 2701 604 2734; x_wconf 76' lang='lat' dir='ltr'>remis</span> <span class='ocrx_word' id='word_1_247' title='bbox 641 2701 943 2744; x_wconf 80' lang='lat' dir='ltr'>promoveantur,</span> 
     </span>
     <span class='ocr_line' id='line_1_41' title="bbox 206 2754 943 2788; baseline 0 -2"><span class='ocrx_word' id='word_1_248' title='bbox 206 2755 321 2786; x_wconf 83' lang='lat' dir='ltr'>verba</span> <span class='ocrx_word' id='word_1_249' title='bbox 355 2755 470 2787; x_wconf 78' lang='lat' dir='ltr'>remis</span> <span class='ocrx_word' id='word_1_250' title='bbox 507 2758 550 2788; x_wconf 80' lang='lat' dir='ltr'>nt</span> <span class='ocrx_word' id='word_1_251' title='bbox 588 2765 638 2788; x_wconf 83' lang='lat' dir='ltr'>an</span> <span class='ocrx_word' id='word_1_252' title='bbox 687 2764 789 2788; x_wconf 79' lang='lat' dir='ltr'>aura</span> <span class='ocrx_word' id='word_1_253' title='bbox 841 2754 943 2787; x_wconf 84' lang='lat' dir='ltr'>acci-</span> 
     </span>
     <span class='ocr_line' id='line_1_42' title="bbox 207 2810 943 2853; baseline -0.003 -10"><span class='ocrx_word' id='word_1_254' title='bbox 207 2811 325 2852; x_wconf 88' lang='lat' dir='ltr'>piunt:</span> <span class='ocrx_word' id='word_1_255' title='bbox 357 2811 496 2843; x_wconf 76' lang='lat' dir='ltr'>lentius</span> <span class='ocrx_word' id='word_1_256' title='bbox 528 2821 577 2843; x_wconf 81' lang='lat' dir='ltr'>an</span> <span class='ocrx_word' id='word_1_257' title='bbox 609 2810 712 2843; x_wconf 75' lang='lat' dir='ltr'>ocius</span> <span class='ocrx_word' id='word_1_258' title='bbox 734 2811 943 2853; x_wconf 75' lang='lat' dir='ltr'>Auyustnm</span> 
     </span>
     <span class='ocr_line' id='line_1_43' title="bbox 206 2866 942 2908; baseline -0.001 -9"><span class='ocrx_word' id='word_1_259' title='bbox 206 2867 333 2899; x_wconf 77' lang='lat' dir='ltr'>adeas.</span> <span class='ocrx_word' id='word_1_260' title='bbox 378 2868 458 2908; x_wconf 81' lang='lat' dir='ltr'>Ego</span> <span class='ocrx_word' id='word_1_261' title='bbox 486 2868 606 2900; x_wconf 69' lang='lat' dir='ltr'>malim</span> <span class='ocrx_word' id='word_1_262' title='bbox 639 2866 774 2908; x_wconf 84' lang='lat' dir='ltr'>accipi:</span> <span class='ocrx_word' id='word_1_263' title='bbox 813 2866 942 2898; x_wconf 78' lang='lat' dir='ltr'>utrum</span> 
     </span>
    </p>
   </div>
   <div class='ocr_carea' id='block_1_10' title="bbox 1018 1035 1753 1238">
    <p class='ocr_par' dir='ltr' id='par_1_10' title="bbox 1018 1035 1753 1238">
     <span class='ocr_line' id='line_1_44' title="bbox 1018 1035 1753 1078; baseline 0.005 -10"><span class='ocrx_word' id='word_1_264' title='bbox 1018 1035 1057 1068; x_wconf 80' lang='lat' dir='ltr'>in</span> <span class='ocrx_word' id='word_1_265' title='bbox 1086 1037 1159 1070; x_wconf 79' lang='lat' dir='ltr'>leae</span> <span class='ocrx_word' id='word_1_266' title='bbox 1192 1047 1236 1070; x_wconf 81' lang='lat' dir='ltr'>re</span> <span class='ocrx_word' id='word_1_267' title='bbox 1277 1039 1365 1078; x_wconf 74' lang='grc' dir='ltr'><strong><em>,Ιιοο</em></strong></span> <span class='ocrx_word' id='word_1_268' title='bbox 1409 1040 1540 1072; x_wconf 83' lang='lat' dir='ltr'>modo</span> <span class='ocrx_word' id='word_1_269' title='bbox 1578 1049 1628 1072; x_wconf 79' lang='lat' dir='ltr'>an</span> <span class='ocrx_word' id='word_1_270' title='bbox 1662 1039 1753 1072; x_wconf 79' lang='lat' dir='ltr'>illo</span> 
     </span>
     <span class='ocr_line' id='line_1_45' title="bbox 1018 1095 1752 1137; baseline 0.005 -13"><span class='ocrx_word' id='word_1_271' title='bbox 1018 1101 1132 1134; x_wconf 72' lang='lat' dir='ltr'>ayere</span> <span class='ocrx_word' id='word_1_272' title='bbox 1167 1095 1321 1137; x_wconf 77' lang='lat' dir='ltr'>debeas,</span> <span class='ocrx_word' id='word_1_273' title='bbox 1372 1104 1466 1136; x_wconf 85' lang='lat' dir='ltr'>quae</span> <span class='ocrx_word' id='word_1_274' title='bbox 1497 1096 1752 1137; x_wconf 76' lang='lat' dir='ltr'>interpretatio</span> 
     </span>
     <span class='ocr_line' id='line_1_46' title="bbox 1019 1151 1752 1192; baseline 0.004 -11"><span class='ocrx_word' id='word_1_275' title='bbox 1019 1151 1126 1182; x_wconf 80' lang='lat' dir='ltr'>etiam</span> <span class='ocrx_word' id='word_1_276' title='bbox 1149 1153 1382 1192; x_wconf 85' lang='lat' dir='ltr'>sequentibus</span> <span class='ocrx_word' id='word_1_277' title='bbox 1413 1152 1618 1186; x_wconf 82' lang='lat' dir='ltr'>confirmari</span> <span class='ocrx_word' id='word_1_278' title='bbox 1646 1151 1752 1184; x_wconf 87' lang='lat' dir='ltr'>vide-</span> 
     </span>
     <span class='ocr_line' id='line_1_47' title="bbox 1018 1207 1089 1238; baseline 0.014 -1"><span class='ocrx_word' id='word_1_279' title='bbox 1018 1207 1089 1238; x_wconf 81' lang='lat' dir='ltr'>tur.</span> 
     </span>
    </p>
   </div>
   <div class='ocr_carea' id='block_1_11' title="bbox 1017 1305 1753 1618">
    <p class='ocr_par' dir='ltr' id='par_1_11' title="bbox 1017 1305 1753 1618">
     <span class='ocr_line' id='line_1_48' title="bbox 1062 1305 1753 1349; baseline 0 -13"><span class='ocrx_word' id='word_1_280' title='bbox 1062 1306 1116 1337; x_wconf 87' lang='grc'>93.</span> <span class='ocrx_word' id='word_1_281' title='bbox 1168 1305 1315 1346; x_wconf 77' lang='lat' dir='ltr'>Vacuo,</span> <span class='ocrx_word' id='word_1_282' title='bbox 1344 1315 1396 1339; x_wconf 91' lang='lat' dir='ltr'>sc.</span> <span class='ocrx_word' id='word_1_283' title='bbox 1426 1307 1615 1349; x_wconf 81' lang='lat' dir='ltr'>Augusto,</span> <span class='ocrx_word' id='word_1_284' title='bbox 1653 1306 1694 1338; x_wconf 86' lang='lat' dir='ltr'>ut</span> <span class='ocrx_word' id='word_1_285' title='bbox 1731 1313 1753 1336; x_wconf 89' lang='lat' dir='ltr'>e</span> 
     </span>
     <span class='ocr_line' id='line_1_49' title="bbox 1018 1362 1752 1405; baseline 0.004 -13"><span class='ocrx_word' id='word_1_286' title='bbox 1018 1362 1320 1401; x_wconf 84' lang='lat' dir='ltr'>praecedentibus</span> <span class='ocrx_word' id='word_1_287' title='bbox 1332 1363 1560 1403; x_wconf 84' lang='lat' dir='ltr'>perspicuum</span> <span class='ocrx_word' id='word_1_288' title='bbox 1574 1364 1640 1405; x_wconf 84' lang='lat' dir='ltr'>est.</span> <span class='ocrx_word' id='word_1_289' title='bbox 1676 1363 1752 1395; x_wconf 88' lang='lat' dir='ltr'>Eo-</span> 
     </span>
     <span class='ocr_line' id='line_1_50' title="bbox 1018 1406 1752 1461; baseline 0 -12"><span class='ocrx_word' id='word_1_290' title='bbox 1018 1418 1097 1449; x_wconf 90' lang='lat' dir='ltr'>dem</span> <span class='ocrx_word' id='word_1_291' title='bbox 1113 1419 1219 1450; x_wconf 87' lang='lat' dir='ltr'>modo</span> <span class='ocrx_word' id='word_1_292' title='bbox 1236 1406 1361 1450; x_wconf 77' lang='lat' dir='ltr'>vacua</span> <span class='ocrx_word' id='word_1_293' title='bbox 1370 1419 1467 1450; x_wconf 80' lang='lat' dir='ltr'>Iuno</span> <span class='ocrx_word' id='word_1_294' title='bbox 1480 1421 1568 1451; x_wconf 86' lang='lat' dir='ltr'>Met.</span> <span class='ocrx_word' id='word_1_295' title='bbox 1585 1420 1653 1461; x_wconf 86' lang='lat'>111,</span> <span class='ocrx_word' id='word_1_296' title='bbox 1675 1417 1752 1450; x_wconf 84' lang='lat'>319.</span> 
     </span>
     <span class='ocr_line' id='line_1_51' title="bbox 1018 1473 1752 1518; baseline 0 -11"><span class='ocrx_word' id='word_1_297' title='bbox 1018 1473 1121 1507; x_wconf 84' lang='lat' dir='ltr'>Conf.</span> <span class='ocrx_word' id='word_1_298' title='bbox 1146 1475 1205 1506; x_wconf 81' lang='lat' dir='ltr'>Tr.</span> <span class='ocrx_word' id='word_1_299' title='bbox 1228 1476 1278 1516; x_wconf 86' lang='grc' dir='ltr'>ΙΙ,</span> <span class='ocrx_word' id='word_1_300' title='bbox 1302 1475 1378 1506; x_wconf 84' lang='grc'><strong>239.</strong></span> <span class='ocrx_word' id='word_1_301' title='bbox 1404 1477 1441 1507; x_wconf 86' lang='lat' dir='ltr'>et</span> <span class='ocrx_word' id='word_1_302' title='bbox 1463 1477 1551 1508; x_wconf 84' lang='lat' dir='ltr'>Hor.</span> <span class='ocrx_word' id='word_1_303' title='bbox 1580 1476 1694 1516; x_wconf 86' lang='lat' dir='ltr'>Epist.</span> <span class='ocrx_word' id='word_1_304' title='bbox 1717 1476 1752 1518; x_wconf 89' lang='lat'>1,</span> 
     </span>
     <span class='ocr_line' id='line_1_52' title="bbox 1019 1528 1751 1573; baseline 0.001 -12"><span class='ocrx_word' id='word_1_305' title='bbox 1019 1528 1075 1571; x_wconf 87' lang='grc'>13,</span> <span class='ocrx_word' id='word_1_306' title='bbox 1099 1529 1129 1562; x_wconf 91' lang='lat'>1.</span> <span class='ocrx_word' id='word_1_307' title='bbox 1154 1537 1252 1572; x_wconf 86' lang='lat' dir='ltr'>seqq.</span> <span class='ocrx_word' id='word_1_308' title='bbox 1297 1531 1397 1563; x_wconf 88' lang='lat' dir='ltr'>Vett.</span> <span class='ocrx_word' id='word_1_309' title='bbox 1429 1532 1508 1562; x_wconf 86' lang='lat' dir='ltr'>edd.</span> <span class='ocrx_word' id='word_1_310' title='bbox 1543 1529 1648 1573; x_wconf 72' lang='lat' dir='ltr'>tradi</span> <span class='ocrx_word' id='word_1_311' title='bbox 1679 1539 1751 1563; x_wconf 78' lang='lat' dir='ltr'>va-</span> 
     </span>
     <span class='ocr_line' id='line_1_53' title="bbox 1017 1594 1098 1618; baseline 0 0"><span class='ocrx_word' id='word_1_312' title='bbox 1017 1594 1098 1618; x_wconf 81' lang='lat' dir='ltr'>cuo.</span> 
     </span>
    </p>
   </div>
   <div class='ocr_carea' id='block_1_12' title="bbox 1016 1695 1752 1797">
    <p class='ocr_par' dir='ltr' id='par_1_12' title="bbox 1016 1695 1752 1797">
     <span class='ocr_line' id='line_1_54' title="bbox 1061 1695 1750 1749; baseline 0.001 -21"><span class='ocrx_word' id='word_1_313' title='bbox 1061 1696 1121 1749; x_wconf 88' lang='grc'>94.</span> <span class='ocrx_word' id='word_1_314' title='bbox 1145 1695 1398 1741; x_wconf 77' lang='lat' dir='ltr'>Vires,&#39;vim,</span> <span class='ocrx_word' id='word_1_315' title='bbox 1429 1697 1598 1738; x_wconf 83' lang='lat' dir='ltr'>impetum</span> <span class='ocrx_word' id='word_1_316' title='bbox 1635 1706 1750 1730; x_wconf 87' lang='lat' dir='ltr'>suum.</span> 
     </span>
     <span class='ocr_line' id='line_1_55' title="bbox 1016 1750 1752 1797; baseline 0.004 -14"><span class='ocrx_word' id='word_1_317' title='bbox 1016 1750 1099 1784; x_wconf 90' lang='lat' dir='ltr'>Vid.</span> <span class='ocrx_word' id='word_1_318' title='bbox 1129 1753 1260 1786; x_wconf 86' lang='lat' dir='ltr'>Senec.</span> <span class='ocrx_word' id='word_1_319' title='bbox 1291 1753 1439 1787; x_wconf 78' lang='lat' dir='ltr'>consol.</span> <span class='ocrx_word' id='word_1_320' title='bbox 1477 1754 1523 1784; x_wconf 77' lang='lat' dir='ltr'>ad</span> <span class='ocrx_word' id='word_1_321' title='bbox 1558 1753 1664 1786; x_wconf 82' lang='lat' dir='ltr'>Helv.</span> <span class='ocrx_word' id='word_1_322' title='bbox 1705 1754 1752 1797; x_wconf 90' lang='lat'>1.,</span> 
     </span>
    </p>
   </div>
   <div class='ocr_carea' id='block_1_13' title="bbox 1017 1808 1810 1853">
    <p class='ocr_par' dir='ltr' id='par_1_13' title="bbox 1017 1808 1810 1853">
     <span class='ocr_line' id='line_1_56' title="bbox 1017 1808 1810 1853; baseline -0.001 -11"><span class='ocrx_word' id='word_1_323' title='bbox 1017 1809 1083 1842; x_wconf 89' lang='lat' dir='ltr'>0v.</span> <span class='ocrx_word' id='word_1_324' title='bbox 1115 1812 1200 1843; x_wconf 82' lang='lat' dir='ltr'>Her.</span> <span class='ocrx_word' id='word_1_325' title='bbox 1233 1811 1265 1853; x_wconf 91' lang='grc' dir='ltr'>Ῑ,</span> <span class='ocrx_word' id='word_1_326' title='bbox 1293 1808 1348 1841; x_wconf 82' lang='grc'>84.</span> <span class='ocrx_word' id='word_1_327' title='bbox 1368 1842 1371 1846; x_wconf 65' lang='grc'>,</span> <span class='ocrx_word' id='word_1_328' title='bbox 1394 1808 1499 1845; x_wconf 75' lang='lat' dir='ltr'>Conf.</span> <span class='ocrx_word' id='word_1_329' title='bbox 1531 1809 1592 1840; x_wconf 63' lang='grc' dir='ltr'>ΤΡ.</span> <span class='ocrx_word' id='word_1_330' title='bbox 1625 1809 1691 1851; x_wconf 84' lang='grc' dir='ltr'>ΙΠ,</span> <span class='ocrx_word' id='word_1_331' title='bbox 1714 1810 1751 1852; x_wconf 87' lang='grc'>8,</span> <span class='ocrx_word' id='word_1_332' title='bbox 1802 1836 1810 1847; x_wconf 37' lang='lat' dir='ltr'>x</span> 
     </span>
    </p>
   </div>
   <div class='ocr_carea' id='block_1_14' title="bbox 1014 1863 1752 2010">
    <p class='ocr_par' dir='ltr' id='par_1_14' title="bbox 1014 1863 1752 2010">
     <span class='ocr_line' id='line_1_57' title="bbox 1017 1863 1752 1908; baseline -0.003 -10"><span class='ocrx_word' id='word_1_333' title='bbox 1017 1865 1069 1898; x_wconf 88' lang='grc'>19.</span> <span class='ocrx_word' id='word_1_334' title='bbox 1081 1882 1125 1888; x_wconf 90' lang='lat'><em>-</em></span> <span class='ocrx_word' id='word_1_335' title='bbox 1135 1866 1179 1899; x_wconf 89' lang='lat' dir='ltr'>V.</span> <span class='ocrx_word' id='word_1_336' title='bbox 1195 1867 1248 1898; x_wconf 87' lang='grc'>95.</span> <span class='ocrx_word' id='word_1_337' title='bbox 1262 1864 1483 1908; x_wconf 37' lang='grc' dir='ltr'>Ιιιη.,,,Ιιοίᾱ.,</span> <span class='ocrx_word' id='word_1_338' title='bbox 1495 1863 1595 1897; x_wconf 75' lang='lat' dir='ltr'>Valii</span> <span class='ocrx_word' id='word_1_339' title='bbox 1614 1865 1752 1907; x_wconf 65' lang='lat' dir='ltr'>Heius„</span> 
     </span>
     <span class='ocr_line' id='line_1_58' title="bbox 1015 1918 1750 1964; baseline -0.004 -11"><span class='ocrx_word' id='word_1_340' title='bbox 1015 1922 1137 1954; x_wconf 84' lang='lat' dir='ltr'>Guels.</span> <span class='ocrx_word' id='word_1_341' title='bbox 1168 1930 1190 1953; x_wconf 88' lang='lat' dir='ltr'>a</span> <span class='ocrx_word' id='word_1_342' title='bbox 1222 1920 1252 1953; x_wconf 93' lang='lat'>1.</span> <span class='ocrx_word' id='word_1_343' title='bbox 1283 1930 1326 1953; x_wconf 85' lang='lat' dir='ltr'>m.</span> <span class='ocrx_word' id='word_1_344' title='bbox 1336 1942 1351 1964; x_wconf 88' lang='grc'>,</span> <span class='ocrx_word' id='word_1_345' title='bbox 1399 1919 1507 1954; x_wconf 84' lang='lat' dir='ltr'>Grev.</span> <span class='ocrx_word' id='word_1_346' title='bbox 1542 1918 1750 1952; x_wconf 80' lang='lat' dir='ltr'>volentem.-</span> 
     </span>
     <span class='ocr_line' id='line_1_59' title="bbox 1014 1978 1342 2010; baseline -0.006 0"><span class='ocrx_word' id='word_1_347' title='bbox 1014 1979 1120 2010; x_wconf 87' lang='lat' dir='ltr'>Bern.</span> <span class='ocrx_word' id='word_1_348' title='bbox 1144 1978 1342 2009; x_wconf 78' lang='lat' dir='ltr'>nolentem.</span> 
     </span>
    </p>
   </div>
   <div class='ocr_carea' id='block_1_15' title="bbox 1012 2085 1751 2454">
    <p class='ocr_par' dir='ltr' id='par_1_15' title="bbox 1012 2085 1751 2454">
     <span class='ocr_line' id='line_1_60' title="bbox 1061 2085 1751 2128; baseline -0.006 -8"><span class='ocrx_word' id='word_1_349' title='bbox 1061 2088 1115 2120; x_wconf 83' lang='lat'>96.</span> <span class='ocrx_word' id='word_1_350' title='bbox 1144 2086 1294 2118; x_wconf 79' lang='lat' dir='ltr'>Tradat</span> <span class='ocrx_word' id='word_1_351' title='bbox 1316 2085 1383 2128; x_wconf 85' lang='lat' dir='ltr'>(ei,</span> <span class='ocrx_word' id='word_1_352' title='bbox 1402 2094 1453 2118; x_wconf 87' lang='lat' dir='ltr'>sc.</span> <span class='ocrx_word' id='word_1_353' title='bbox 1467 2086 1578 2126; x_wconf 80' lang='lat' dir='ltr'>Aug.)</span> <span class='ocrx_word' id='word_1_354' title='bbox 1603 2085 1640 2116; x_wconf 83' lang='lat' dir='ltr'>et</span> <span class='ocrx_word' id='word_1_355' title='bbox 1661 2085 1751 2116; x_wconf 79' lang='lat' dir='ltr'>ante</span> 
     </span>
     <span class='ocr_line' id='line_1_61' title="bbox 1015 2142 1750 2182; baseline -0.001 -8"><span class='ocrx_word' id='word_1_356' title='bbox 1015 2143 1142 2175; x_wconf 81' lang='lat' dir='ltr'>tamen</span> <span class='ocrx_word' id='word_1_357' title='bbox 1162 2150 1290 2182; x_wconf 79' lang='lat' dir='ltr'>pauca</span> <span class='ocrx_word' id='word_1_358' title='bbox 1313 2142 1603 2180; x_wconf 83' lang='lat' dir='ltr'>(commendandi</span> <span class='ocrx_word' id='word_1_359' title='bbox 1620 2150 1750 2174; x_wconf 76' lang='lat' dir='ltr'>caussa</span> 
     </span>
     <span class='ocr_line' id='line_1_62' title="bbox 1015 2197 1750 2239; baseline -0.003 -7"><span class='ocrx_word' id='word_1_360' title='bbox 1015 2209 1095 2232; x_wconf 92' lang='lat' dir='ltr'>cum</span> <span class='ocrx_word' id='word_1_361' title='bbox 1119 2201 1182 2236; x_wconf 89' lang='lat' dir='ltr'>eo)</span> <span class='ocrx_word' id='word_1_362' title='bbox 1206 2197 1399 2239; x_wconf 75' lang='lat' dir='ltr'>loquatur.</span> <span class='ocrx_word' id='word_1_363' title='bbox 1451 2197 1683 2230; x_wconf 86' lang='lat' dir='ltr'>Heinsianum</span> <span class='ocrx_word' id='word_1_364' title='bbox 1707 2198 1750 2229; x_wconf 85' lang='lat' dir='ltr'>at</span> 
     </span>
     <span class='ocr_line' id='line_1_63' title="bbox 1015 2253 1747 2296; baseline -0.001 -9"><span class='ocrx_word' id='word_1_365' title='bbox 1015 2256 1102 2287; x_wconf 76' lang='lat' dir='ltr'>ante</span> <span class='ocrx_word' id='word_1_366' title='bbox 1126 2255 1249 2286; x_wconf 78' lang='lat' dir='ltr'>tumen</span> <span class='ocrx_word' id='word_1_367' title='bbox 1280 2253 1495 2285; x_wconf 85' lang='lat' dir='ltr'>seutentiam</span> <span class='ocrx_word' id='word_1_368' title='bbox 1527 2262 1600 2286; x_wconf 87' lang='lat' dir='ltr'>non</span> <span class='ocrx_word' id='word_1_369' title='bbox 1631 2254 1747 2296; x_wconf 79' lang='lat' dir='ltr'>iuvat,</span> 
     </span>
     <span class='ocr_line' id='line_1_64' title="bbox 1014 2309 1744 2350; baseline 0 -8"><span class='ocrx_word' id='word_1_370' title='bbox 1014 2312 1077 2342; x_wconf 90' lang='lat' dir='ltr'>sed</span> <span class='ocrx_word' id='word_1_371' title='bbox 1094 2309 1311 2350; x_wconf 81' lang='lat' dir='ltr'>elegantiam</span> <span class='ocrx_word' id='word_1_372' title='bbox 1328 2309 1404 2341; x_wconf 89' lang='lat' dir='ltr'>eius</span> <span class='ocrx_word' id='word_1_373' title='bbox 1421 2310 1631 2350; x_wconf 79' lang='lat' dir='ltr'>corrumpi-t.</span> <span class='ocrx_word' id='word_1_374' title='bbox 1654 2310 1744 2350; x_wconf 78' lang='lat' dir='ltr'>neg.</span> 
     </span>
     <span class='ocr_line' id='line_1_65' title="bbox 1014 2362 1750 2406; baseline 0 -9"><span class='ocrx_word' id='word_1_375' title='bbox 1014 2362 1141 2406; x_wconf 83' lang='lat' dir='ltr'>pro&#39;v.</span> <span class='ocrx_word' id='word_1_376' title='bbox 1165 2373 1259 2406; x_wconf 61' lang='lat' dir='ltr'>scr„</span> <span class='ocrx_word' id='word_1_377' title='bbox 1291 2367 1343 2397; x_wconf 86' lang='lat'>111</span> <span class='ocrx_word' id='word_1_378' title='bbox 1366 2365 1428 2397; x_wconf 83' lang='lat' dir='ltr'>alii</span> <span class='ocrx_word' id='word_1_379' title='bbox 1450 2366 1575 2398; x_wconf 81' lang='lat' dir='ltr'>Heius.</span> <span class='ocrx_word' id='word_1_380' title='bbox 1604 2366 1641 2398; x_wconf 86' lang='lat' dir='ltr'>et</span> <span class='ocrx_word' id='word_1_381' title='bbox 1671 2366 1750 2397; x_wconf 69' lang='lat' dir='ltr'>Be-</span> 
     </span>
     <span class='ocr_line' id='line_1_66' title="bbox 1012 2422 1266 2454; baseline -0.008 0"><span class='ocrx_word' id='word_1_382' title='bbox 1012 2423 1082 2454; x_wconf 89' lang='lat' dir='ltr'>rol.</span> <span class='ocrx_word' id='word_1_383' title='bbox 1107 2422 1266 2453; x_wconf 76' lang='lat' dir='ltr'>locutus.</span> 
     </span>
    </p>
   </div>
   <div class='ocr_carea' id='block_1_16' title="bbox 1010 2517 1779 2748">
    <p class='ocr_par' dir='ltr' id='par_1_16' title="bbox 1010 2517 1779 2748">
     <span class='ocr_line' id='line_1_67' title="bbox 1056 2517 1778 2574; baseline 0 -12"><span class='ocrx_word' id='word_1_384' title='bbox 1056 2517 1110 2562; x_wconf 80' lang='grc'>97.</span> <span class='ocrx_word' id='word_1_385' title='bbox 1135 2529 1237 2562; x_wconf 82' lang='lat' dir='ltr'>Luce</span> <span class='ocrx_word' id='word_1_386' title='bbox 1251 2530 1359 2572; x_wconf 82' lang='lat' dir='ltr'>bona,</span> <span class='ocrx_word' id='word_1_387' title='bbox 1386 2532 1522 2574; x_wconf 82' lang='lat' dir='ltr'>fausta,</span> <span class='ocrx_word' id='word_1_388' title='bbox 1545 2531 1744 2572; x_wconf 72' lang='lat' dir='ltr'>auspicata.</span> <span class='ocrx_word' id='word_1_389' title='bbox 1775 2569 1778 2572; x_wconf 30' lang='grc' dir='ltr'>Ι</span> 
     </span>
     <span class='ocr_line' id='line_1_68' title="bbox 1011 2575 1746 2630; baseline 0.001 -13"><span class='ocrx_word' id='word_1_390' title='bbox 1011 2587 1108 2618; x_wconf 79' lang='lat' dir='ltr'>mem</span> <span class='ocrx_word' id='word_1_391' title='bbox 1131 2587 1234 2618; x_wconf 79' lang='lat' dir='ltr'>Pont.</span> <span class='ocrx_word' id='word_1_392' title='bbox 1258 2587 1385 2630; x_wconf 80' lang='lat'><em>111,-1,</em></span> <span class='ocrx_word' id='word_1_393' title='bbox 1407 2587 1482 2620; x_wconf 79' lang='lat'>159.</span> <span class='ocrx_word' id='word_1_394' title='bbox 1506 2604 1550 2609; x_wconf 86' lang='lat'><em>-</em></span> <span class='ocrx_word' id='word_1_395' title='bbox 1578 2575 1746 2620; x_wconf 61' lang='lat' dir='ltr'>uetustus</span> 
     </span>
     <span class='ocr_line' id='line_1_69' title="bbox 1011 2643 1747 2686; baseline 0 -12"><span class='ocrx_word' id='word_1_396' title='bbox 1011 2650 1032 2674; x_wconf 91' lang='lat' dir='ltr'>e</span> <span class='ocrx_word' id='word_1_397' title='bbox 1064 2643 1168 2674; x_wconf 87' lang='lat' dir='ltr'>Serv.</span> <span class='ocrx_word' id='word_1_398' title='bbox 1177 2664 1191 2684; x_wconf 83' lang='lat'><em>‚</em></span> <span class='ocrx_word' id='word_1_399' title='bbox 1223 2644 1317 2674; x_wconf 90' lang='lat' dir='ltr'>Mor.</span> <span class='ocrx_word' id='word_1_400' title='bbox 1328 2665 1342 2684; x_wconf 87' lang='lat'><strong><em>,</em></strong></span> <span class='ocrx_word' id='word_1_401' title='bbox 1373 2644 1484 2686; x_wconf 63' lang='lat' dir='ltr'>Gall„</span> <span class='ocrx_word' id='word_1_402' title='bbox 1513 2643 1613 2677; x_wconf 85' lang='lat' dir='ltr'>Leid.</span> <span class='ocrx_word' id='word_1_403' title='bbox 1646 2644 1683 2675; x_wconf 86' lang='lat' dir='ltr'>et</span> <span class='ocrx_word' id='word_1_404' title='bbox 1712 2644 1747 2674; x_wconf 90' lang='lat'>11</span> 
     </span>
     <span class='ocr_line' id='line_1_70' title="bbox 1010 2697 1779 2748; baseline 0 -19"><span class='ocrx_word' id='word_1_405' title='bbox 1010 2698 1091 2729; x_wconf 84' lang='lat' dir='ltr'>aliis</span> <span class='ocrx_word' id='word_1_406' title='bbox 1125 2698 1222 2729; x_wconf 86' lang='lat' dir='ltr'>dedit</span> <span class='ocrx_word' id='word_1_407' title='bbox 1251 2697 1343 2738; x_wconf 71' lang='lat' dir='ltr'>ipse.</span> <span class='ocrx_word' id='word_1_408' title='bbox 1389 2699 1460 2732; x_wconf 86' lang='lat' dir='ltr'>Sed</span> <span class='ocrx_word' id='word_1_409' title='bbox 1489 2699 1674 2739; x_wconf 79' lang='lat' dir='ltr'>scriptura</span> <span class='ocrx_word' id='word_1_410' title='bbox 1694 2698 1779 2748; x_wconf 46' lang='lat'>113,</span> 
     </span>
    </p>
   </div>
   <div class='ocr_carea' id='block_1_17' title="bbox 970 2752 1745 2796">
    <p class='ocr_par' dir='ltr' id='par_1_17' title="bbox 970 2752 1745 2796">
     <span class='ocr_line' id='line_1_71' title="bbox 970 2752 1745 2796; baseline 0 -11"><span class='ocrx_word' id='word_1_411' title='bbox 970 2761 978 2773; x_wconf 77' lang='lat'><em>¹</em></span> <span class='ocrx_word' id='word_1_412' title='bbox 1010 2754 1158 2786; x_wconf 89' lang='lat' dir='ltr'>brorum</span> <span class='ocrx_word' id='word_1_413' title='bbox 1191 2752 1339 2785; x_wconf 77' lang='lat' dir='ltr'>domino</span> <span class='ocrx_word' id='word_1_414' title='bbox 1369 2753 1464 2796; x_wconf 72' lang='lat' dir='ltr'>ipso,</span> <span class='ocrx_word' id='word_1_415' title='bbox 1495 2755 1528 2787; x_wconf 87' lang='lat' dir='ltr'>h.</span> <span class='ocrx_word' id='word_1_416' title='bbox 1559 2763 1590 2786; x_wconf 90' lang='lat' dir='ltr'>e.</span> <span class='ocrx_word' id='word_1_417' title='bbox 1632 2761 1745 2795; x_wconf 84' lang='lat' dir='ltr'>quam</span> 
     </span>
    </p>
   </div>
   <div class='ocr_carea' id='block_1_18' title="bbox 1009 2808 1743 2899">
    <p class='ocr_par' dir='ltr' id='par_1_18' title="bbox 1009 2808 1743 2899">
     <span class='ocr_line' id='line_1_72' title="bbox 1009 2808 1743 2851; baseline 0 -10"><span class='ocrx_word' id='word_1_418' title='bbox 1009 2810 1090 2850; x_wconf 76' lang='lat' dir='ltr'>ipse</span> <span class='ocrx_word' id='word_1_419' title='bbox 1122 2808 1292 2840; x_wconf 71' lang='lat' dir='ltr'>(lominus</span> <span class='ocrx_word' id='word_1_420' title='bbox 1315 2809 1402 2840; x_wconf 79' lang='lat' dir='ltr'>tuus</span> <span class='ocrx_word' id='word_1_421' title='bbox 1429 2809 1496 2851; x_wconf 85' lang='lat' dir='ltr'>est,</span> <span class='ocrx_word' id='word_1_422' title='bbox 1527 2811 1635 2843; x_wconf 83' lang='lat' dir='ltr'>etiam</span> <span class='ocrx_word' id='word_1_423' title='bbox 1656 2817 1743 2841; x_wconf 89' lang='lat' dir='ltr'>sen-</span> 
     </span>
     <span class='ocr_line' id='line_1_73' title="bbox 1010 2865 1560 2899; baseline -0.002 0"><span class='ocrx_word' id='word_1_424' title='bbox 1010 2865 1144 2899; x_wconf 84' lang='lat' dir='ltr'>tentiae</span> <span class='ocrx_word' id='word_1_425' title='bbox 1170 2865 1447 2898; x_wconf 86' lang='lat' dir='ltr'>convenientior</span> <span class='ocrx_word' id='word_1_426' title='bbox 1470 2868 1536 2898; x_wconf 89' lang='lat' dir='ltr'>est.</span> <span class='ocrx_word' id='word_1_427' title='bbox 1557 2866 1560 2869; x_wconf 59' lang='lat'><strong>⁴</strong></span> 
     </span>
    </p>
   </div>
  </div>
 </body>
</html>
