1846 3146
163 164 262 214 280
410 166 467 216 P.
503 139 728 218 ovum
761 168 1080 222 NASONJS
1114 143 1460 223 TRISTIUM

163 284 292 336 Sive
324 280 498 337 malum
531 293 667 355 potui
700 296 859 341 tamen
880 292 988 342 ‘hoc
1021 294 1196 342 vitare·
1219 294 1464 357 cavend0‚

230 368 337 420 Seu
370 373 495 420 ratio
529 372 681 421 fatum
713 375 917 424 vincere
950 375 1088 425 nulla
1122 376 1289 426 valet:

164 451 244 501 Tu
277 458 451 515 tamen,
487 471 517 504 o
551 455 694 504 nobis
727 473 820 505 usu
854 459 1154 509 iunctissime
1190 460 1361 525 longo,

228 535 354 585 Pars
390 537 626 587 desiderii
659 541 866 589 maxima
899 556 1056 607 paene
1090 545 1199 603 mei,

1626 542 1692 592 20

163 615 250 687 Sis
285 634 465 670 memor
494 615 563 683 et,
600 623 644 671 si
678 639 797 688 quas
831 623 954 673 fecit
988 625 1077 674 tibi
1111 628 1271 690 gratia
1305 627 1457 685 vires,
1499 640 1502 643 ·

229 701 352 751 Illas
386 720 476 769 pro
510 705 652 754 nobis
686 708 960 773 experiare,
996 723 1150 772 rogo:

163 784 389 835 Numinis
423 792 476 835 ut
509 788 635 837 laesi
667 788 751 837 fiat
784 791 1079 839 mansuetIOr
1112 792 1202 852 ita,

231 867 518 935 Mutatoque
552 872 707 920 minor
741 874 805 920 sit
837 887 944 920 mea
975 887 1136 938 poena
1167 873 1313 936 loc03

164 949 320 1015 quue
353 953 435 1013 ita,
472 955 516 1001 si
550 953 735 1002 nullum
768 954 933 1004 scelus
969 960 1046 1004 est
1078 957 1129 1004 in
1162 960 1367 1022 pectore
1401 959 1587 1019 nostro,
1626 957 1692 1007 25

164 1080 173 1084 2
230 1034 625 1102 Principiumque
658 1039 753 1086 mei
787 1040 999 1089 criminis
1034 1053 1173 1089 error
1205 1038 1366 1090 habet.

164 1169 373 1203 contextum
399 1170 575 1204 orationis
591 1172 802 1204 necessaria
824 1175 895 1215 est,

164 1231 245 1256 cum
268 1229 353 1266 post
376 1227 442 1260 illa
462 1225 503 1259 id
524 1235 667 1269 quoque
688 1227 722 1259 si
750 1227 896 1270 scisses,

164 1280 378 1323 excusatio,
413 1291 480 1315 cur
511 1284 662 1316 amicum
699 1283 792 1315 hanc
817 1292 895 1316 rem

164 1334 312 1378 celarit,
343 1340 591 1380 exspectetur,
624 1347 717 1380 quae
745 1339 782 1371 111
805 1347 895 1371 ver-

165 1389 220 1423 bis
242 1391 313 1422 sed
334 1399 417 1424 mea
440 1393 508 1425 etc.
531 1393 582 1426 ita
610 1395 831 1438 continetur,
856 1399 895 1429 ut

162 1446 269 1478 simul
305 1447 441 1487 poetae
486 1449 669 1491 silentium
707 1451 897 1493 eleganter

163 1504 370 1535 excusetur.
416 1504 495 1536 Nec
516 1505 701 1546 perspicui
721 1509 806 1540 sunt
817 1507 896 1539 sine

162 1556 228 1591 illo
253 1557 406 1591 disticho
429 1567 560 1594 versus
585 1561 637 1593 17.
661 1563 699 1594 et
711 1561 763 1594 18.
804 1563 896 1594 Nam

162 1614 255 1645 ordo
278 1614 483 1647 sententiae
505 1616 564 1649 hic
587 1619 659 1650 est:
684 1617 736 1650 Id
753 1625 896 1659 quoque

162 1666 197 1700 si
219 1668 354 1701 scisses
378 1693 387 1701 .
412 1693 421 1701 .
447 1693 456 1701 .
481 1693 490 1702 .
513 1679 643 1713 sospes
661 1672 806 1714 forem;
830 1674 897 1706 sed

158 1723 250 1765 fata
270 1733 355 1756 mea
371 1732 434 1763 ‚me
455 1724 494 1757 in
506 1734 669 1768 poenam
681 1729 896 1774 trahebant,

161 1781 290 1821 (quae)
312 1788 418 1812 omne
430 1780 565 1814 bonum
576 1784 773 1817 consilium
785 1787 896 1819 clau-

160 1835 265 1868 dunt.
326 1835 509 1869 Attamen
543 1837 622 1871 sive
653 1841 794 1872 malum
826 1841 897 1874 hoc

158 1892 385 1929 (exsilium)
421 1892 595 1925 cautione
635 1895 674 1926 et
709 1895 896 1935 prudenti

159 1945 319 1978 consilio
341 1946 468 1979 vitare
488 1947 596 1989 potui
614 1951 781 1990 (respicit
792 1961 825 1983 v.
841 1951 893 1983 13.

159 2001 245 2043 14),
266 2001 347 2034 sive
368 2003 475 2053 pullo
500 2002 658 2035 consilio
682 2004 810 2046 fatum
832 2005 892 2037 vi-

158 2056 241 2090 tari
271 2057 423 2098 potest.-
472 2058 513 2090 tu
545 2059 670 2091 tamen
694 2062 893 2103 (utcunque

157 2120 200 2145 se
222 2121 284 2146 res
308 2113 436 2151 habet)
465 2113 518 2147 sis
545 2122 688 2147 memor
711 2116 779 2147 etc.
823 2118 893 2149 At-

158 2176 228 2210 que
250 2169 304 2201 ita
327 2170 555 2202 manifestum
586 2172 663 2212 est,
700 2170 892 2211 repetitio-

157 2233 239 2258 nem
262 2225 363 2257 illam
386 2225 591 2266 particulae
605 2225 729 2258 tamen
745 2228 791 2259 ad
804 2235 892 2259 sen-

157 2281 308 2314 tentiam
337 2281 482 2313 omnino
516 2281 662 2322 requiri.
717 2281 772 2314 Et
799 2291 891 2315 con-

156 2337 293 2370 iunctio
313 2336 425 2370 tertio
447 2336 533 2369 loco
551 2338 649 2374 (nam
672 2337 709 2369 in
732 2338 889 2370 nonnul-

154 2394 203 2427 lis
227 2393 306 2427 edd.
330 2394 415 2434 post
437 2392 624 2424 saeculum
646 2394 724 2426 XV.
737 2393 888 2435 legitur:

158 2457 267 2482 omne
279 2447 396 2481 bonae
410 2448 448 2480 et
459 2448 669 2489 claudunt),
682 2456 773 2489 quae
783 2457 889 2481 scru-

154 2503 281 2544 pulum
317 2504 490 2536 movebat
527 2504 659 2537 editori
694 2504 889 2547 Lipsiensi‚

157 2558 254 2598 apud
277 2558 460 2591 Nasonem
484 2559 626 2592 minime
649 2559 809 2593 insolens
831 2560 889 2592 vi·-

156 2613 234 2647 deri
257 2613 375 2646 debet.
419 2615 523 2646 Pont.
547 2616 579 2656 1,
610 2615 662 2648 10.

220 2664 271 2693 He
294 2673 414 2702 quoque
447 2659 601 2695 debilitat
619 2668 716 2696 series
745 2668 890 2698 immensa

555 2712 702 2747 laborum,
828 2737 829 2740 η

269 2753 350 2785 Ante
384 2761 483 2782 meum
509 2758 626 2791 tempus
659 2757 743 2793 cogit
767 2760 798 2786 et
821 2765 889 2786 esse

554 2807 668 2828 senem.

154 2846 227 2880 Sed
251 2848 438 2880 commode
460 2855 504 2880 ea
520 2848 703 2888 particula
715 2858 793 2882 cum
807 2850 888 2891 ple-

962 1173 1085 1214 risque
1114 1173 1251 1206 Heinsii
1281 1173 1385 1206 libris
1419 1176 1457 1207 et
1490 1175 1579 1206 vett.
1614 1174 1693 1206 edd.

963 1229 1149 1262 omittitur.
1195 1229 1424 1262 Adiectivum
1453 1228 1572 1261 bonae
1604 1237 1696 1261 sane

938 1284 1079 1323 *omitti
1109 1286 1272 1327 poterat,
1305 1293 1350 1317 ac
1390 1292 1518 1326 parum
1546 1286 1695 1327 elegans

962 1340 1019 1371 est
1026 1349 1038 1380 3
1068 1340 1132 1371 sed
1155 1340 1246 1372 talia
1267 1341 1363 1381 apud
1385 1339 1516 1381 poetas
1539 1349 1612 1373 non
1636 1341 1694 1373 ni-

961 1394 1028 1426 mis
1061 1395 1232 1427 videntur
1267 1397 1440 1437 urgenda.
1499 1397 1563 1430 Sic
1591 1404 1694 1430 moe-

962 1449 1045 1481 stus
1074 1451 1187 1482 dolor
1220 1453 1277 1484 est
1305 1459 1362 1492 ap.
1387 1452 1511 1485 Claud.
1535 1453 1578 1485 R.
1600 1454 1639 1485 P.
1662 1455 1696 1495 1,

962 1503 1061 1546 276„
1089 1507 1255 1538 moestae
1284 1507 1460 1548 querelae
1487 1508 1583 1548 apud
1605 1508 1693 1541 Nas.

962 1559 1050 1591 Met.
1074 1560 1144 1602 ΙΠ,
1161 1562 1252 1603 339.,
1269 1560 1437 1594 iucunda
1453 1562 1632 1610 voluptas
1650 1570 1693 1595 a-

962 1615 1034 1655 pud
1058 1616 1167 1657 Prop.
1196 1617 1264 1658 IV,
1287 1617 1323 1659 6,
1346 1618 1400 1650 85.

1005 1671 1082 1703 Pal.
1107 1670 1153 1713 1.,
1177 1672 1313 1715 Guelf„
1337 1674 1460 1716 Serv„
1494 1680 1586 1705 unus
1607 1671 1693 1706 vat.

964 1734 1070 1759 omne
1091 1728 1216 1760 locum
1227 1727 1422 1763 ctaudunt.
1468 1730 1696 1771 Bern.‚1un.,

962 1782 1043 1814 Bel.
1070 1790 1176 1816 omne
1197 1782 1289 1815 mihi
1322 1784 1517 1817 claudunt.
1571 1785 1618 1818 V.
1641 1783 1696 1817 17.

965 1837 1054 1870 Exc.
1084 1838 1193 1871 Voss.
1217 1840 1396 1873 carenda

1009 1903 1060 1936 18.
1095 1906 1310 1942 Beruensis:

1028 1956 1088 1985 Seu
1108 1956 1202 1986 fatum
1220 1959 1299 1988 ratio
1317 1960 1401 1988 nulla
1417 1960 1516 1989 vitare
1532 1962 1644 1997 potest.

962 2012 1095 2046 Potest
1122 2017 1230 2050 etiam
1264 2017 1409 2051 Pirckh.
1422 2039 1437 2060 ,
1467 2020 1567 2062 lun„
1587 2019 1692 2063 „Reg-

961 2077 1028 2109 pro
1052 2079 1087 2102 v.
1109 2079 1182 2103 scr.
1206 2074 1244 2103 et
1267 2072 1363 2104 Gall.
1408 2072 1548 2106 Bmuz.

1005 2134 1058 2167 19.
1091 2127 1176 2168 Vat.
1203 2135 1234 2169 1.
1262 2135 1540 2172 iucundissime.
1583 2141 1691 2174 Barb.

958 2198 1028 2222 usu
1052 2189 1282 2224 iunctissime
1300 2189 1426 2234 firmo.

1001 2257 1056 2290 21.
1090 2258 1190 2292 Leid.
1235 2258 1279 2291 Si
1308 2266 1451 2293 memor
1483 2261 1523 2293 et
1543 2259 1578 2294 si
1599 2269 1694 2304 quas

957 2311 1024 2345 tibi
1043 2312 1149 2354 fecit.

1000 2369 1121 2401 Berol.
1144 2369 1254 2402 etiam
1275 2369 1309 2402 si
1322 2378 1476 2405 memor.
1510 2374 1608 2407 Busl.
1630 2374 1691 2408 vi-

955 2424 1109 2457 res—si
1130 2433 1235 2467 quas.

999 2491 1054 2524 23.
1090 2491 1276 2526 Numinis,
1322 2495 1452 2539 Vid.1,
1465 2496 1501 2539 1,
1513 2495 1566 2528 69.
1607 2496 1692 2538 Seg.

957 2546 1120 2579 numinis
1142 2547 1279 2582 illaesi.
1324 2551 1455 2585 Dresd.
1478 2560 1547 2594 pro
1561 2561 1597 2585 v.
1618 2560 1691 2585 scr.

954 2599 1027 2643 fiat
1051 2602 1142 2635 milei
1163 2605 1297 2638 mitior
1316 2605 1391 2640 ira.

1000 2668 1054 2701 24.
1088 2669 1323 2712 Mutatoque.
1369 2672 1452 2706 Via.
1475 2673 1521 2704 acl
1545 2674 1597 2716 Π,
1617 2672 1691 2706 185.

957 2726 994 2758 et
1016 2726 1093 2758 575.
1139 2728 1217 2760 11111.
1240 2729 1278 2759 et
1299 2725 1691 2760 Busl.'loco—-minor.
1733 2744 1735 2748 ·
1774 2707 1775 2710 Ἴ

1001 2793 1056 2825 25,
1091 2791 1178 2834 Ita,
1215 2801 1270 2830 ,ea
1310 2793 1528 2836 conditione.
1587 2794 1691 2829 Rern.

953 2847 1092 2889 facque
1113 2849 1180 2882 ita.
