1846 3146
172 139 275 192 330

441 142 498 193 P.
515 144 518 145 ⁷
534 142 758 196 0V1D11
790 144 1108 199 NASONIS
1141 147 1427 200 TRISTIU
1427 151 1484 201 M

171 261 234 313 Si
266 263 356 314 tibi
391 279 509 316 cura
541 269 651 329 mei,
686 268 774 317 vel
807 270 851 318 si
882 268 1041 336 pudor
1074 270 1206 320 ullus
1239 273 1447 322 inessetz
1665 274 1697 324 5

235 346 290 395 N
292 362 355 396 on
388 347 518 398 ultra
550 353 754 417 patriam
787 367 862 401 me
895 368 1158 418 sequerere
1191 370 1341 404 meam
1353 375 1371 416 ;7

170 429 376 495 Quoque
407 431 522 482 loco
556 435 757 499 primum
796 435 885 485 tibi
935 453 1039 486 sum
1081 437 1209 487 male
1262 440 1487 504 cognitus
1519 439 1697 502 infanS,

236 512 335 563 Illo
369 519 612 565 tentasses
645 517 839 568 ultimus
874 535 986 570 esse
1019 520 1150 582 mihi,

169 597 324 662 Inque
357 597 696 663 relinquend0‚
735 601 865 665 quod
898 602 1027 652 idem
1059 603 1228 653 fecere
1263 602 1481 665 sodaleS,

235 680 316 728 Tu
352 696 543 746 quoque
579 682 794 732 dixisses
830 686 983 734 tristis
1013 688 1063 734 in
1098 687 1258 736 Urbe:
1294 686 1520 747 „Vale!“

1631 686 1698 737 10

170 761 301 822 Quid
334 762 423 812 tibi
459 779 565 812 cum
597 765 801 816 Ponto?
835 768 967 817 Num
1000 774 1050 818 te
1085 784 1275 834 quoque
1311 767 1543 819 Caesaris
1575 772 1649 819 ira

236 845 518 895 Extremam
551 848 717 912 gelidi
740 853 870 901 misit
901 853 953 900 in
988 851 1120 902 orbis
1153 851 1376 908 humum?

169 926 381 979 Scilicet
409 936 671 997 exspectas
705 933 901 983 solitum
935 934 1024 984 tibi
1056 937 1203 984 moris
1237 934 1494 984 honorem:
1537 968 1542 975 ,

235 1013 460 1062 Pendeat
491 1029 557 1063 ex
590 1014 801 1065 humeris
836 1020 993 1067 vestis
1027 1022 1081 1066 ut
1113 1017 1227 1067 alba
1260 1020 1396 1079 meis,

168 1095 377 1145 Fumida
410 1098 635 1161 cingatur
667 1099 951 1149 florentibus
986 1118 1071 1150 ara
1107 1103 1320 1161 coronis,

1634 1101 1700 1150 15

235 1180 465 1245 Micaque
500 1180 726 1230 sollemni
761 1185 882 1232 turis
914 1185 965 1234 iu
998 1186 1114 1249 igne
1141 1188 1300 1244 sonet,

214 1315 246 1344 5.
279 1312 437 1346 Inesset.
489 1314 601 1356 neg„
634 1314 746 1359 Gall„
781 1317 902 1360 Serv.,

166 1368 279 1409 Busl.,
311 1376 389 1401 exc.
418 1369 527 1401 Voss.
534 1391 549 1411 ,
590 1370 666 1402 Pal.
695 1371 744 1413 2.,
774 1372 807 1403 Χ
838 1372 903 1407 alii

167 1424 305 1466 HeIns.‚
330 1424 468 1466 Guelf.,
491 1426 591 1467 Seg.,
602 1426 746 1468 Dresd.,
766 1427 900 1470 Berol.,

166 1481 247 1512 Rel.
279 1483 315 1513 et
345 1483 436 1513 vett.
455 1480 552 1511 edd.
584 1483 735 1520 praeter
764 1483 900 1516 Bonon.

166 1534 326 1576 inesset;
364 1536 498 1576 reliqui
537 1536 695 1568 adesset.
755 1537 903 1570 Inesset

167 1593 294 1623 nostro
330 1591 479 1634 propius
510 1594 566 1623 est
601 1593 709 1624 modo
746 1593 902 1636 dicendi,

166 1645 251 1678 hinc
281 1646 372 1690 erit,
410 1647 471 1687 qui
506 1647 656 1679 adesset
689 1648 735 1680 ab
772 1648 901 1682 Ovidio

169 1708 251 1732 esse
274 1702 452 1734 exstimet.

211 1769 243 1800 7.
279 1769 401 1811 Male,
437 1769 660 1812 infeliciter,
699 1771 737 1804 in
770 1772 901 1804 malum

165 1831 294 1855 meum.
318 1841 359 1846 -—
386 1826 530 1859 Strozz.
555 1825 734 1859 creditus.
778 1826 902 1871 Grev„

168 1880 262 1921 1un.,
285 1880 402 1923 Lem,
426 1882 480 1914 VI
503 1882 566 1914 alii
589 1882 709 1915 Heius.
733 1885 770 1915 et
795 1884 901 1916 Bern.

167 1928 268 1968 male
290 1944 370 1967 sum
394 1935 473 1968 tibi.

210 2002 242 2034 9.
277 2001 398 2044 Inque
419 2002 677 2044 relinquendo.
696 2036 707 2042 ζ
723 2004 801 2035 Pol.
817 2004 847 2035 1.
865 2006 902 2036 et

167 2058 203 2088 11
233 2057 295 2089 alii
324 2057 435 2100 inque
470 2058 766 2101 relinquendum.
824 2059 903 2090 Put.

166 2110 279 2153 inque
308 2113 567 2155 requirendo&
627 2113 774 2147 Scribe:
803 2112 903 2144 iam-

168 2175 238 2208 que
262 2167 522 2211 relinquenda.
568 2168 716 2201 Hlmvs.
764 2169 837 2200 Sed
861 2176 902 2200 e—

166 2232 215 2264 go
239 2225 460 2266 scripturam
492 2225 647 2257 omnium
671 2227 761 2258 vett.
784 2225 902 2257 libro-

167 2286 249 2310 rum
274 2282 347 2313 tam
370 2283 591 2324 scriptorum
622 2289 726 2323 quam
750 2280 925 2320 impres-.

167 2329 292 2365 sorum
323 2344 396 2369 non
429 2340 501 2370 tam
531 2338 665 2370 leviter
696 2336 904 2368 efficiendam

168 2388 321 2423 censeo:
357 2392 396 2424 et
423 2392 461 2425 in
494 2393 740 2435 relinquendo
764 2393 905 2430 (disce-

171 2444 323 2488 dendo),
348 2449 451 2488 quod
472 2448 569 2481 idem
586 2448 721 2491 fecere
743 2447 905 2488 sodales,

170 2499 212 2530 tu
241 2508 385 2542 qnoque
420 2504 561 2542 (adiicit
593 2502 678 2540 ubi)
709 2500 749 2533 in
785 2500 906 2541 (ipsa)

180 2553 279 2587 Urbe
303 2557 427 2591 tristis
449 2557 540 2591 mihi
562 2556 690 2591 dicere
719 2556 907 2590 debuisses

167 2612 283 2643 vale.
329 2614 417 2646 Exc.
440 2616 549 2648 Voss.
585 2613 719 2647 cliwere
742 2612 905 2644 sodales.
938 2632 940 2635 -

169 2653 266 2699 'BusL
292 2668 332 2700 tu
354 2669 455 2702 mihi.
510 2671 639 2703 Dresd.
668 2677 736 2710 pro
765 2677 802 2700 v.
834 2676 906 2699 scr.

169 2722 295 2769 tristis
325 2725 456 2758 amice.
515 2727 563 2759 V.
588 2726 641 2758 11.
675 2725 797 2765 Rern„
826 2724 907 2755 Put.

175 2781 212 2812 et
234 2782 401 2814 nonnulli
423 2781 488 2814 alii
509 2790 585 2815 non
608 2782 653 2813 te.

214 2840 267 2873 13.
298 2841 469 2875 Solitum.
536 2842 705 2875 Heinsius
733 2850 781 2878 ex
813 2843 908 2875 Mor.

969 1317 1083 1350 et'vl
1105 1317 1187 1350 aliis
1212 1317 1309 1349 dedit
1331 1315 1450 1360 soliti,
1473 1319 1568 1358 quod
1593 1317 1701 1350 etiam

969 1373 1097 1405 Dresd.
1109 1394 1125 1415 ‚
1168 1373 1289 1405 Berol.
1331 1374 1368 1405 et
1403 1373 1484 1405 Rel.
1519 1373 1699 1405 exhibent.

968 1427 1050 1460 Vid.
1074 1429 1160 1460 Her.
1183 1430 1280 1470 XXI,
1302 1428 1376 1460 127.
1420 1426 1567 1470 Reliqui
1578 1437 1702 1461 omnes

970 1492 1050 1515 cum
1073 1486 1163 1516 vett.
1187 1486 1266 1516 edd.
1289 1484 1462 1526 solitum,
1495 1485 1591 1525 quod
1618 1483 1703 1515 mihi

969 1542 1110 1571 rectum
1134 1540 1295 1582 videtur,
1324 1541 1468 1581 quando
1491 1547 1570 1570 mos
1593 1539 1702 1570 etiam

970 1595 1212 1626 ceremoniam
1235 1603 1379 1627 sacram
1394 1594 1585 1634 significat.
1619 1594 1702 1626 vid.

968 1650 1066 1682 Fest.
1100 1649 1168 1681 sub
1195 1659 1232 1681 v.
1260 1656 1357 1691 mos,
1392 1649 1512 1690 ibique
1546 1649 1702 1689 interpp.

968 1703 1103 1735 Honor
1126 1704 1185 1744 qui
1206 1704 1458 1746 intelligatur,
1491 1704 1614 1736 statim
1638 1705 1703 1735 de-

968 1759 1141 1791 scribitur
1163 1766 1186 1790 a
1208 1769 1243 1791 v.
1263 1759 1414 1792 14—'18.
1460 1760 1516 1792 De
1531 1759 1649 1791 saeris
1666 1759 1704 1791 in

969 1814 1084 1849 natali
1107 1814 1249 1847 usitatis
1273 1815 1345 1847 vid.
1357 1815 1434 1848 Tib.
1455 1816 1487 1857 Ι,
1510 1815 1558 1856 7.,
1580 1816 1631 1858 11,
1654 1815 1703 1856 2.,

968 1872 1036 1914 ΙΠ,
1060 1870 1135 1912 10.,
1164 1871 1240 1913 IV,
1269 1873 1316 1913 5.,
1345 1871 1434 1917 Hor.
1458 1870 1523 1904 Od.
1545 1871 1615 1912 IV,
1647 1869 1705 1913 11,

969 1928 1018 1969 6.,
1041 1926 1138 1966 Lips.
1162 1927 1280 1959 Elect.
1294 1928 1321 1958 Ι.
1340 1935 1371 1959 c.
1391 1925 1444 1958 13.
1480 1927 1579 1959 Unus
1591 1926 1704 1958 Hein-

968 1982 1013 2014 sii
1043 1983 1250 2021 exspectes.
1305 1983 1383 2013 Iun.
1415 1978 1703 2013 soliti—turis.

971 2037 1068 2070 Gall.
1091 2035 1198 2068 soliti
1220 2034 1310 2068 milei
1330 2033 1461 2085 moris.

1014 2114 1067 2146 14.
1106 2110 1229 2145 Vestis
1265 2111 1375 2151 alba,·
1417 2111 1580 2144 candidis
1607 2112 1703 2144 enim

968 2169 1083 2201 induti
1105 2168 1269 2201 vestibus
1294 2168 1550 2208 operabantur.
1597 2165 1704 2200 Conf.

969 2224 1020 2266 V,
1044 2226 1080 2267 5,
1104 2225 1152 2267 7.,
1175 2225 1300 2256 Amor.
1331 2225 1390 2265 11,
1422 2223 1487 2266 13,
1515 2223 1592 2264 23„
1614 2223 1704 2254 Bor.

971 2278 1048 2310 Sat.
1073 2279 1122 2320 11,
1145 2279 1190 2321 2,
1221 2280 1290 2321 63„
1319 2279 1427 2320 Prop.
1451 2280 1526 2321 111,
1560 2279 1603 2320 8,
1636 2277 1705 2319 15„

971 2334 1065 2366 Stat.
1088 2333 1178 2366 Silv.
1200 2335 1252 2375 ΙΙ,
1276 2334 1312 2376 7,
1336 2334 1389 2366 10.
1446 2334 1528 2367 Vid.
1555 2334 1705 2367 Ferrar.

972 2389 1018 2420 de
1040 2388 1095 2419 Re
1118 2388 1221 2421 Vest.
1246 2390 1275 2420 Ι.
1299 2397 1330 2420 c.
1353 2389 1407 2420 22.

1017 2443 1189 2476 Pendeat
1210 2451 1258 2476 ea>
1280 2441 1444 2475 humeris
1466 2442 1614 2484 proprie
1637 2449 1703 2474 ca-

973 2499 1157 2540 piendum:
1181 2507 1264 2531 nam
1288 2500 1332 2531 de
1354 2498 1467 2539 pallio
1490 2499 1547 2530 est
1567 2505 1704 2539 sermo,

974 2557 1070 2598 quod
1093 2555 1251 2588 humeris
1274 2554 1449 2587 haerebat
1471 2556 1509 2586 et
1531 2554 1568 2586 in
1590 2553 1634 2585 iis
1657 2554 1702 2586 fi-

973 2612 1060 2643 bula
1082 2612 1296 2652 colligatum
1327 2611 1426 2642 erat:
1456 2610 1549 2642 unde
1576 2609 1704 2642 hume-

972 2674 1060 2698 rum
1080 2666 1204 2707 pallio
1235 2674 1416 2708 onerare,
1444 2665 1486 2697 ut
1512 2665 1609 2704 apud
1632 2665 1705 2698 Τε-

973 2724 1066 2755 rent.
1098 2723 1241 2755 Phorm.
1263 2723 1313 2765 V,
1345 2723 1381 2764 6,
1412 2721 1444 2754 4.
1472 2724 1512 2754 et
1539 2718 1615 2751 alia
1635 2719 1704 2752 hu-

974 2778 1125 2810 iusmodi
1149 2778 1325 2811 dicuntur.

1021 2839 1072 2873 15.
1101 2835 1564 2872 merentibus—coronis.
1610 2837 1705 2870 Aras
