1846 3146
172 164 271 215 130

431 163 487 211 P.
524 161 746 212 OVIDII
781 158 1099 212 NASONIS
1135 157 1482 208 TRISTIUM

169 287 289 346 Aut,
325 292 577 353 postquam
600 284 830 334 bimarem
865 300 1011 333 cursu
1044 283 1381 348 superavimus
1407 278 1637 340 Isthmon,
1673 280 1706 327 5
1731 287 1734 290 ’

237 370 512 434 Alteraque
548 374 624 417 est
657 375 855 416 nostrae
889 372 1044 416 sumta
1078 368 1244 415 carina
1277 364 1441 428 fugae.

170 453 316 514 Quod
350 453 564 501 facerem
599 467 777 500 versus
813 453 940 499 inter
974 451 1081 498 fera
1115 465 1352 497 murmura
1384 447 1538 513 ponti,

238 533 493 602 Cycladas
528 535 762 599 Aegaeas
796 535 1107 600 obstupuisse
1142 537 1275 598 puto.

176 620 292 686 Ipse
328 634 424 683 ego
457 634 585 667 nunc
619 620 790 679 miror,
825 620 972 665 tantis
1007 618 1246 680 animique
1282 615 1524 677 marisque

235 702 496 751 Fluctibus
531 703 777 767 ingenium
811 717 910 749 non
945 699 1190 748 cecidisse
1225 713 1394 747 meum.

1638 693 1705 743 lo

171 785 288 853 Seu
312 791 482 851 stupor
515 784 631 834 huic
662 782 843 844 studio,
880 785 991 832 sive
1025 787 1102 830 est
1135 781 1325 829 insania
1358 793 1552 828 nomen:

237 868 405 919 Omnis
441 868 502 918 ab
537 867 631 917 hac
667 884 785 917 cura
817 882 951 915 mens
985 865 1212 914 relevata
1241 878 1350 912 mea
1382 867 1486 917 est.

237 999 413 1035 Penelopen
455 999 565 1027 absens
604 999 703 1026 solers
747 997 910 1033 torquebat

571 1043 677 1071 Ulixes
693 1058 729 1063 ·-

172 1114 295 1156 crota,
332 1113 461 1156 Barb.,
496 1115 573 1147 mn.
604 1121 687 1145 cum
709 1129 754 1135 ——
770 1129 817 1137 —-
837 1121 907 1144 me.

170 1170 271 1203 Leid.
296 1176 380 1201 cum
400 1167 441 1199 in
462 1170 534 1210 ρει.
558 1169 608 1200 tr.
632 1177 702 1200 me.
758 1170 907 1202 Medon.

171 1226 281 1259 etiam
302 1223 344 1256 in
364 1223 501 1266 qelido.
552 1223 698 1257 Pirckh.
729 1232 812 1256 cum
832 1225 906 1267 ρει.

171 1282 223 1314 tr.
248 1289 343 1314 cum.
366 1297 411 1304 -—

215 1372 247 1405 4.
282 1369 447 1411 Hadria,
469 1371 508 1402 ut
519 1370 607 1401 Hor.
622 1368 686 1400 od.
709 1368 776 1409 111,
800 1368 835 1408 3,
858 1368 906 1408 5.,
936 1363 939 1366 “

171 1429 216 1460 de
247 1435 316 1468 quo
350 1434 418 1457 usu
448 1426 519 1458 vid.
556 1424 657 1457 Cort.
689 1423 735 1454 ad
769 1424 905 1455 Lucan.

170 1486 207 1516 et
230 1486 304 1515 not.
329 1484 374 1514 ad
397 1482 506 1514 Trist.
529 1481 579 1519 V,
605 1478 705 1520 13,1.
753 1479 807 1509 De
822 1478 904 1509 for-

170 1548 230 1573 ma
252 1526 406 1570 Hadria
429 1538 466 1567 et
489 1533 614 1566 Adria
635 1535 709 1566 vid.
721 1534 904 1566 Drakenb.

169 1598 216 1629 ad
239 1596 320 1628 Liv.
343 1595 388 1626 V.
420 1601 451 1624 c.
480 1592 512 1623 8.
547 1593 583 1622 et
614 1591 724 1624 Cour.
749 1589 905 1622 Schnei-

172 1653 238 1684 der
262 1651 326 1683 Gr.
351 1650 392 1682 L.
416 1647 540 1680 vol.1.
557 1656 591 1686 p.
612 1646 686 1678 186.
735 1646 905 1679 ceterum

170 1705 361 1740 Hadriam
385 1705 416 1736 h.
440 1704 466 1736 1.
489 1711 558 1743 pro
583 1702 686 1734 Ionio
710 1701 802 1733 mari
825 1708 906 1732 esse

171 1767 275 1796 recte
309 1763 433 1792 monet
473 1758 643 1799 Scaliger
681 1757 725 1787 de
759 1757 907 1800 Emend.

171 1824 279 1859 temp.
309 1817 372 1849 VI.
404 1825 438 1855 p.
470 1815 546 1846 536.
591 1814 681 1845 Nam
705 1811 908 1843 Brundusio

171 1877 376 1909 Lechaeum
407 1873 536 1902 vectus
569 1871 625 1900 est
655 1869 767 1900 Naso.
825 1866 908 1899 Vid.

170 1933 203 1972 1,
229 1929 280 1961 10.
327 1928 428 1960 Leid.
453 1925 491 1958 in
514 1923 655 1956 mediis.

215 2022 247 2051 5.
281 2017 415 2050 Cursu.
450 2014 667 2047 Leidtcasu.
698 2011 907 2049 perperam.

171 2075 293 2107 Prima
314 2072 402 2104 navi
424 2078 470 2102 ex
492 2070 600 2101 Italia
635 2064 805 2109 pervenit
833 2065 908 2096 Le-

173 2131 347 2170 chaeum,
393 2127 476 2158 inde
511 2127 602 2167 pede
638 2132 704 2165 per
738 2120 908 2151 Isthmum

174 2186 383 2220 Cenchreas
408 2182 525 2223 petiit,
548 2180 607 2212 ubi
631 2179 785 2211 alteram
808 2175 907 2206 illam

171 2244 221 2284 (Ι,
246 2241 303 2282 10,
326 2240 398 2276 48.)
421 2237 561 2269 sumsit¹
571 2234 709 2275 navim,
733 2239 824 2273 quae
836 2231 907 2263 Sa-

171 2298 383 2329 mothracen
418 2302 499 2325 eum
540 2289 713 2332 portavit.
783 2287 908 2319 Cursu

172 2355 217 2384 de
241 2351 357 2384 celeri
386 2350 517 2381 itinere
549 2345 729 2378 terrestri.
782 2343 906 2375 lustin.

171 2410 232 2441 XI.
257 2416 288 2439 c.
311 2407 343 2438 8.
402 2402 611 2444 Quinc-enta
639 2399 768 2432 stadia
791 2407 907 2430 cursu

167 2463 273 2506 fecit.
321 2462 427 2495 Conf.
451 2461 589 2491 Lucan.
613 2456 733 2498 1,183.
769 2456 906 2486 vavt.

171 2521 355 2560 Isthmum,
387 2524 437 2548 sc.
462 2514 702 2554 Corinthium,
736 2511 831 2543 inter
853 2511 907 2542 si-

171 2583 256 2607 num
270 2572 493 2607 Corinthium
514 2574 550 2602 et
574 2569 805 2609 Saronicum,
828 2566 907 2598 sive

170 2638 272 2663 mare
294 2630 433 2661 Ionium
457 2631 495 2659 et
516 2628 713 2666 Aegaeum.
760 2622 905 2654 Plin.11.

171 2689 215 2720 N.
239 2686 302 2718 IV.
327 2693 358 2716 c.
383 2684 413 2716 4.
462 2684 536 2716 Cic.
556 2682 616 2714 Or.
631 2680 667 2711 in
677 2678 775 2711 null.
814 2676 906 2709 Cum

172 2741 377 2775 Corinthus
405 2738 458 2770 sit
486 2737 614 2780 posita
643 2735 681 2766 in
722 2732 907 2775 anqustiis

172 2797 211 2828 et
229 2793 404 2838 faucibus
428 2791 627 2832 Graeciae,
649 2790 705 2822 sic
727 2791 770 2822 ut
794 2791 908 2822 terra

171 2852 347 2886 claustra
377 2851 550 2883 locorum
582 2846 727 2886 teneat,
762 2844 800 2877 et
832 2843 906 2876 duo

973 997 1103 1032 maria
1114 996 1279 1030 maxime
1295 995 1532 1039 naviyationi
1553 994 1710 1029 diversa

971 1063 1094 1096 paene
1116 1053 1336 1095 coniunyat,
1365 1051 1543 1095 pertenui
1565 1050 1707 1084 discri-

973 1111 1072 1144 mine
1109 1109 1351 1151 separentur.
1387 1125 1431 1132 --
1469 1109 1553 1142 Vid.
1588 1108 1710 1142 Strab.

973 1168 1072 1202 Vm.
1096 1177 1130 1209 p.
1154 1167 1232 1199 260.

1019 1234 1186 1266 Isthmus
1215 1230 1396 1276 bimaris,
1442 1233 1482 1264 ut
1517 1232 1607 1264 Met.
1636 1231 1706 1274 VI,

973 1290 1049 1323 419.
1073 1291 1110 1321 et
1132 1288 1276 1330 passim.

1016 1366 1049 1398 7.
1080 1366 1188 1400 Crev.
1208 1348 1299 1408 fera
1317 1365 1447 1401 litora.
1494 1367 1709 1408 seg-proe-

974 1422 1030 1454 lia
1048 1421 1169 1464 ponti.

1018 1502 1049 1534 8.
1083 1500 1270 1542 Aeyaeas,
1305 1506 1395 1540 quae
1429 1500 1513 1531 sunt
1544 1497 1582 1530 in
1615 1496 1708 1530 mari

974 1558 1140 1599 Aegaeo,
1170 1556 1268 1597 quod
1298 1556 1356 1587 est
1378 1554 1632 1595 amplissimus
1654 1550 1709 1585 si·-

974 1621 1044 1643 nus
1075 1611 1197 1643 maris
1223 1605 1493 1643 mediterranei
1529 1617 1554 1640 a
1591 1608 1708 1648 parte

978 1667 1166 1714 Orientali
1199 1666 1336 1700 Isthmi
1375 1664 1548 1700 Corinthi
1591 1672 1707 1706 usque

976 1726 1027 1758 ad
1059 1724 1344 1764 Hellespontum
1378 1723 1575 1763 extensus,
1614 1721 1707 1753 Plin.

974 1782 1037 1813 IV.
1062 1788 1092 1812 c.
1118 1780 1170 1812 11.
1218 1779 1400 1819 Cyclades
1423 1786 1446 1809 a
1469 1778 1614 1810 Graeco
1637 1773 1707 1809 κύ-

974 1837 1070 1879 κλος,
1087 1837 1182 1878 quia,
1205 1839 1245 1868 ut
1267 1835 1379 1867 tradit
1401 1834 1492 1866 Plin.
1503 1833 1581 1876 1.1.,
1602 1833 1709 1865 circa

974 1880 1111 1925 Delum
1126 1891 1164 1923 in
1179 1891 1306 1923 orbem
1329 1889 1602 1932 quodammodo
1626 1887 1707 1921 dis-

973 1948 1124 1989 positae
1163 1949 1261 1979 sunt.
1292 1965 1336 1971 -—
1377 1945 1477 1978 Leid.
1515 1942 1709 1984 Cyclades.

976 2004 1072 2036 Gall.
1098 2002 1286 2042 Cycladis.
1331 2001 1451 2033 Berol.
1471 1994 1708 2039 obstupuere.

1018 2083 1049 2114 9.
1075 2082 1165 2122 Ipse
1180 2088 1257 2121 eqo.
1302 2079 1379 2111 Pal.
1394 2078 1485 2120 1.,11
1507 2077 1571 2108 alii
1582 2076 1705 2108 Heius.

975 2140 1012 2169 et
1036 2136 1112 2168 eius
1137 2137 1191 2166 ed.
1223 2144 1279 2176 pr.
1312 2133 1392 2176 ipse
1422 2133 1537 2165 etiam
1569 2131 1705 2164 miror.

975 2195 1080 2225 Bern.
1103 2191 1183 2233 ipse
1196 2198 1284 2232 erqo
1297 2190 1390 2222 haec
1399 2189 1535 2221 miror.
1582 2187 1710 2229 Crev„

974 2249 1070 2281 Busl.
1099 2247 1251 2290 ipseque
1279 2254 1388 2278 nunc.
1455 2244 1576 2288 Gall„
1621 2245 1708 2285 Seg-

973 2303 1054 2345 ipse
1086 2302 1231 2335 etenim.
1290 2302 1367 2335 Pal.
1398 2309 1421 2334 a
1449 2302 1482 2333 2.
1515 2310 1560 2333 m.
1596 2307 1709 2341 saepe

975 2368 1040 2401 eqo
1064 2367 1174 2391 nilne.
1521 2347 1524 2349 ’

1016 2428 1212 2461 Fluctibus
1267 2423 1454 2467 animique
1505 2420 1707 2463 marisque.

973 2484 1015 2515 In
1049 2484 1188 2516 deliciis
1223 2483 1332 2514 habet
1367 2482 1467 2514 Naso
1505 2475 1706 2509 huiusmodi

973 2539 1149 2571 acumina.
1194 2539 1282 2571 Her.
1303 2536 1440 2577 xvm,
1465 2533 1538 2566 129.

1039 2602 1100 2630 Gur
1124 2610 1180 2636 ego
1199 2600 1377 2630 confundor.
1403 2596 1521 2634 quoties
1546 2593 1708 2623 contundi-

1369 2645 1418 2670 tur
1436 2639 1574 2676 aequor?

1019 2717 1072 2749 11.
1129 2715 1203 2746 Seu
1226 2714 1364 2755 stupor
1385 2711 1457 2743 etc.
1510 2712 1606 2743 Mor.
1629 2706 1707 2740 sive

973 2771 1060 2805 huic
1080 2770 1203 2802 insan.

1019 2836 1190 2872 Insania.
1248 2836 1354 2872 conf.
1384 2835 1456 2876 IV,
1492 2832 1528 2874 1,
1558 2831 1628 2873 37„
1655 2830 1706 2871 V,
