1846 3146
643 188 1060 239 PRAEFATIO.
1507 205 1598 238 xxx

86 312 230 362 theca
262 311 566 371 Trevirensi,
603 310 732 375 quod
767 325 863 375 ego
896 315 1125 360 accurate
1157 310 1372 369 excussi,
1406 309 1467 370 ¹7)
1491 308 1599 357 Ve-

86 400 201 443 neta
231 397 465 460 impressa
483 412 514 443 a
530 393 759 442 Mathaeo
778 391 1004 459 Capcasa
1023 393 1288 452 Parmensi,
1309 407 1398 457 per
1414 392 1599 440 Bonum

86 477 376 526 Accursium
410 475 661 525 emendata
696 475 777 537 (⁶2)
813 475 1033 524 a..1489.
1100 474 1268 524 Editio
1294 475 1440 540 plena
1466 490 1600 522 men-
1683 501 1688 508 κ

88 558 259 608 dorum
290 558 762 625 typographicorum,
787 565 999 607 ceterum
1019 574 1049 606 a
1065 557 1260 606 Veneta
1280 575 1321 606 a.
1340 557 1472 606 1486
1490 572 1601 605 raro

88 636 386 707 discrepans,
421 640 482 701 8]
505 640 699 688 Veneta
733 655 882 705 opera
915 642 1040 689 Boni
1079 640 1307 689 Accursii
1339 655 1430 706 per
1454 636 1602 688 Chri-

48 789 52 792 ,
87 722 364 789 stophorum
397 722 461 771 de
493 723 669 771 Pensis
704 721 767 771 de
801 722 1056 771 Mandello
1090 739 1133 770 a.
1167 722 1312 782 1498,
1349 725 1485 771 cuius
1522 739 1605 770 ra-

77 807 304 854 rissimae
354 805 583 854 editionis
616 805 890 854 Merkelius
935 805 1160 871 exemplo
1196 824 1313 855 usus
1347 812 1438 865 est,
1474 803 1604 869 quod

86 892 249 937 exstat
280 889 331 936 in
364 887 662 937 bibliotheca
695 891 832 952 regia
865 887 1175 936 Berolinensi
1208 888 1281 948 (b.
1314 888 1522 948 Diezii).

0 1034 10 1043 ἱ
57 1034 61 1038 ,
185 970 279 1019 llis
305 970 547 1020 accedunt
581 970 706 1019 duae
725 971 1016 1020 collationes
1047 973 1284 1035 integrae,
1322 986 1445 1036 quae
1480 973 1608 1018 inter

86 1051 296 1102 schedas
326 1053 962 1102 Heinsio-Burmannianas
999 1053 1245 1114 (biblioth.
1288 1069 1390 1118 reg.
1440 1052 1606 1101 Berol.

0 1159 4 1179 ;
86 1135 132 1184 b.
166 1135 310 1184 Diez.
356 1152 466 1183 mss.
513 1137 558 1184 4.
602 1152 647 1184 n.
693 1136 833 1198 148.)
868 1142 1084 1196 exstant,
1134 1153 1331 1200 quarum
1363 1138 1498 1202 prior
1532 1142 1609 1183 est

0 1230 13 1253 ’ν
88 1216 276 1267 codicis
308 1218 595 1279 Bernensis,
646 1217 708 1268 de
743 1236 834 1283 qua
881 1236 1029 1285 supra
1062 1218 1240 1268 dictum
1274 1224 1363 1266 est.
1431 1218 1611 1267 Altera

88 1306 166 1349 est
199 1299 401 1349 collatio
431 1299 740 1366 Segueriani,
773 1302 1057 1350 cancellarii
1075 1300 1274 1360 Gallici,
1309 1301 1609 1348 membrana·-

0 1381 6 1451 ζ
89 1382 182 1443 cei,
217 1398 341 1448 quae
374 1385 591 1433 instituta
616 1391 667 1432 et
699 1385 925 1433 confecta
951 1390 1029 1432 est
1060 1383 1266 1432 Parisiis
1301 1401 1330 1433 a
1364 1401 1520 1443 manu,
1557 1388 1610 1430 ut

0 1460 9 1519 ἶ
89 1465 260 1513 titulus
286 1466 517 1531 praefert,
546 1466 795 1515 cuiusdam
822 1465 1066 1515 Samuelis
1100 1466 1315 1526 Tenulii,
1353 1469 1433 1531 qui
1468 1469 1611 1514 etiam

0 1531 6 1572 ²⁷
89 1545 154 1596 de
184 1546 280 1596 hoc
313 1547 488 1597 codice
513 1552 731 1597 notavit:
766 1550 950 1598 Prima
974 1551 1150 1598 littera
1175 1552 1416 1613 cuiusque
1435 1565 1614 1597 versus
1650 1569 1652 1572 ’

87 1631 199 1679 sola
212 1612 435 1695 ponitdr,
454 1632 598 1679 nulla
613 1631 962 1695 diphthonyus.
1014 1630 1091 1678 Ea
1115 1631 1433 1691 Burmannus,
1467 1637 1522 1679 ut
1555 1645 1613 1679 e-

90 1715 203 1761 tiam
219 1712 474 1772 Bemensi,
505 1716 576 1761 uti
604 1714 774 1772 noluit,
799 1713 1034 1761 Heinsius
1060 1715 1130 1762 uti
1151 1728 1247 1761 non
1264 1716 1438 1778 potuit,
1471 1716 1611 1779 quip-

3 1842 7 1859 5
89 1810 152 1860 pe
184 1801 297 1861 post
328 1795 520 1843 Heinsii
556 1794 817 1845 editionem
851 1813 892 1843 a.
926 1795 1059 1843 1674
1093 1795 1279 1843 demum
1315 1781 1579 1867 confecta.¹

3 1888 8 1895 ’
187 1877 282 1925 His
317 1876 556 1926 accedunt
573 1879 820 1925 variantes
840 1880 1047 1941 quinque
1083 1877 1320 1937 codicum,
1359 1881 1440 1943 qui
1476 1896 1506 1926 a
1539 1894 1614 1927 me

0 1973 12 1983 ··
91 1974 220 2007 nunc
261 1961 459 2024 primum
501 1952 587 2008 aut*
627 1958 788 2007 denuo
823 1959 993 2008 collati
1026 1967 1162 2019 sunt3
1200 1976 1399 2024 quorum
1432 1962 1613 2026 primus

0 2059 2 2098 j
92 2046 169 2090 est
198 2041 533 2090 Beroliuensis
569 2041 712 2102 [bibl.
747 2057 850 2106 reg.
885 2042 930 2091 b.
964 2042 1108 2090 Diez.
1135 2059 1247 2091 mss.
1277 2043 1364 2092 fol.
1386 2060 1431 2090 n.
1457 2042 1614 2103 1230.

0 2182 3 2184 ,
89 2123 183 2172 Est
214 2123 296 2174 hic
325 2125 716 2173 membranaceus
751 2126 800 2172 in
834 2124 957 2172 folio
1003 2124 1134 2189 quod
1167 2132 1351 2174 vocant
1383 2125 1472 2173 vel
1507 2125 1614 2173 for·
1700 2163 1707 2173 ,

0 2195 6 2249 'r
92 2222 168 2254 ma
199 2209 427 2266 maxima,
473 2221 580 2255 cum
625 2206 788 2254 multis
821 2206 1120 2271 syllabarum
1155 2207 1470 2273 compendiiS,
1503 2223 1616 2256 sae-

94 2287 194 2336 culi
223 2292 281 2335 ut
308 2288 506 2336 videtur
538 2288 655 2336 XII.
723 2289 781 2337 In
814 2289 977 2337 fronte
1010 2289 1179 2338 habet:
1218 2291 1386 2339 Ovidii
1402 2291 1465 2339 de
1493 2291 1616 2339 Tri-

12 2359 24 2410 Ϊ’
91 2370 254 2418 stibus
285 2369 330 2417 Ι.
364 2371 490 2418 liber
527 2365 717 2435 ihc-ipit.
799 2369 1043 2437 Continet,
1064 2373 1282 2421 Nasonis
1314 2374 1526 2421 carmina
1560 2389 1618 2422 o-

93 2453 220 2500 mnia
252 2453 302 2499 in
330 2451 389 2500 Il.
408 2453 747 2513 voluminibus,
782 2470 879 2502 non
912 2455 973 2503 ab
1008 2454 1178 2504 eadem
1208 2460 1261 2503 ut
1291 2455 1490 2504 videtur
1515 2473 1618 2504 ma·-

70 2550 158 2603 ,nu
179 2536 390 2600 scriptiS,
418 2551 614 2599 quorum
637 2539 771 2602 prius
797 2537 1219 2603 Metamorphoses
1240 2540 1468 2586 continet.
1515 2539 1617 2587 Po·
1671 2535 1673 2537 ’

94 2619 289 2665 steriori
322 2619 448 2683 parti
482 2618 604 2667 haec
637 2635 790 2684 prope
824 2619 1036 2667 evanida
1070 2620 1215 2668 litera
1254 2620 1529 2685 subscripta
1563 2636 1618 2668 e—

94 2705 224 2746 rant:
268 2716 317 2748 m
362 2716 472 2748 cccc
516 2718 558 2749 ,τ
597 2703 619 2748 l
661 2718 691 2749 υ
731 2705 752 2749 i
790 2702 851 2749 de
883 2718 1048 2750 mense
1093 2706 1227 2750 maii.
1296 2702 1412 2766 Eyo
1444 2709 1622 2767 petru-s·

29 2808 31 2810 v
95 2781 421 2845 malqurisius
438 2786 671 2832 notarius
693 2787 966 2848 patavinus
989 2788 1084 2833 emi
1104 2786 1236 2833 hunc
1264 2785 1445 2833 librum
1470 2802 1504 2832 a
1529 2802 1620 2833 mo.

95 2861 461 2914 Franci-schino
491 2868 773 2915 cartulario
800 2867 1001 2915 ducatis
1033 2874 1234 2931 septem,
1271 2873 1379 2915 tum
1416 2868 1622 2916 dimidio

1256 2944 1314 2971 ἃ*
1328 2950 1349 2974 2
