1846 3146
588 185 718 234 ΜΒ.
748 168 841 232 ΠΙ.
890 176 1090 229 nme.
1124 177 1164 226 1.

1538 169 1637 220 233

127 312 268 362 Haec
299 308 383 358 ubi
415 315 518 356 sum
540 302 714 355 'furtim
745 303 913 367 lingua
945 299 1180 349 titubante
1211 297 1435 357 locutos3

188 393 284 453 Qui
316 389 429 441 mihi
461 390 762 446 monstraret,
796 387 887 435 vix
920 383 1014 439 fuit
1045 398 1184 440 unus,
1216 382 1324 430 iter.

125 474 226 536 „Di
258 474 346 522 tibi
379 470 511 532 dent,
544 474 711 519 nostro
744 466 873 533 quod
907 481 1005 515 non
1038 464 1251 513 tribuere
1282 466 1477 529 poetae,

192 555 451 617 „Molliter
482 555 533 602 in
564 553 722 619 patria
753 552 929 599 vivere
962 562 1110 614 posse
1142 551 1238 594 tua.

127 640 275 700 „Duc
291 652 416 704 age3
442 627 645 700 namque
660 648 850 698 sequar,
877 631 1093 696 quamvis
1110 634 1336 692 terraque
1352 626 1564 690 marique
1582 625 1648 674 25

196 721 521 784 „Longinquo
554 709 953 766 referamsslassus
987 712 1048 761 ab
1083 710 1203 760 orbe
1233 708 1421 775 pedem.
1426 711 1457 736 ‘⁴

132 804 328 863 Paruit,
362 805 413 852 et
444 799 628 849 ducens
661 798 836 859 „Haec
868 801 979 845 sunt
1011 794 1121 843 fora
1155 790 1437 852 CaesariS,“
1471 792 1651 857 inquit3

197 885 371 947 „Haec
403 888 480 933 est
511 899 542 931 a
572 882 727 930 sacris
762 896 886 945 quae
919 882 1005 930 via
1025 883 1211 927 'nomen
1243 874 1417 936 habet3

84 1063 85 1067 ,
132 1044 216 1070 non.
244 1041 329 1078 qno.
388 1036 460 1068 Sed
496 1042 570 1076 qua
604 1035 641 1065 et
673 1031 860 1064 maximam

132 1091 240 1124 lubet
252 1090 506 1130 auctoritatem
517 1087 724 1129 vetustatis,
738 1089 775 1118 et
794 1095 861 1119 co-

132 1148 269 1191 piosius
299 1147 377 1180 est:
413 1151 499 1186 qua
525 1142 603 1176 via
631 1141 683 1175 sit
704 1142 863 1174 eundum

139 1205 178 1235 et
196 1209 314 1244 quas
335 1199 465 1232 sedes
485 1199 623 1240 petam.
678 1198 782 1232 Conf.
810 1198 863 1239 11,

138 1258 216 1290 305.
269 1255 384 1288 Sedes
412 1257 531 1286 autem
559 1257 644 1287 sunt
670 1253 863 1286 bibliothe-

136 1319 215 1345 cae.
259 1310 366 1345 conf.
387 1319 425 1342 v.
446 1310 500 1342 67.

182 1377 238 1410 21.
270 1372 687 1416 Furtim—titubante,
709 1373 862 1415 elegan-

137 1435 203 1466 ter*
221 1434 267 1465 de
287 1430 422 1465 timido.
466 1430 571 1464 Conf.
593 1431 637 1462 A.
660 1430 703 1462 A.
726 1430 760 1470 1,
786 1429 863 1462 598.

145 1485 357 1528 Τι’ἰιιῠωιτε,
387 1484 601 1526 haesitante,
625 1483 863 1525 balbutiente,

140 1543 293 1584 trepida.
343 1539 509 1574 Beinsius
536 1547 583 1571 ex
609 1539 798 1571 uno-Busl.
821 1546 864 1570 e-

141 1585 230 1631 didit
250 1596 384 1638 linques
408 1592 556 1636 furtim.
607 1594 694 1625 Sine
726 1601 866 1626 caussa.

143 1654 249 1687 Serv.
271 1653 310 1684 et
330 1651 453 1684 Heins-
475 1650 530 1681 ed.
552 1657 608 1689 pr.
629 1647 710 1680 sim.
754 1649 800 1680 V.
814 1649 866 1680 22.

141 1706 244 1740 laeid-
263 1705 524 1737 monstrasset.
567 1704 696 1736 Dresd.
723 1711 747 1736 a
769 1702 799 1735 1.
822 1711 867 1735 m.

84 1777 87 1789 .
139 1759 380 1793 monstravit.

183 1837 239 1869 23.
273 1835 423 1869 Ροέιαε.
485 1834 587 1868 Libri
619 1836 709 1868 vett.
748 1842 870 1868 omnes

137 1890 292 1932 ροέιαε,
315 1891 385 1922 nisi
406 1891 501 1931 quod
524 1891 578 1921 111
602 1898 670 1930 pro
699 1889 769 1921 div.
797 1883 871 1921 scr.

145 1943 312 1987 parenti.
355 1943 440 1978 Vid.
462 1945 558 1977 infra
578 1954 613 1976 v.
638 1945 690 1977 57.
715 1946 753 1976 et
781 1945 813 1986 1,
835 1944 873 1985 7,

140 2002 196 2033 35.
244 2001 348 2034 cons.
373 2000 444 2042 111,
474 1999 509 2041 1,
534 2000 586 2031 65.
642 1999 735 2030 Hinc
766 1998 874 2029 etiam

145 2055 261 2088 libros
283 2064 371 2088 suos
400 2054 532 2096 passim
562 2053 672 2084 natos
700 2051 874 2093 appellat.

148 2111 181 2152 1,
204 2110 240 2152 1,
264 2109 338 2142 115.
361 2109 395 2142 si
419 2106 493 2151 qua
516 2109 574 2140 est
595 2107 661 2139 tibi
683 2115 780 2139 cura
800 2115 874 2149 pa-

149 2163 281 2196 rentis.
323 2165 428 2197 Pont.
453 2166 519 2207 tv,
543 2167 578 2205 5,
601 2165 656 2196 29.

191 2234 194 2235 ’
213 2238 350 2274 Quidque
365 2247 476 2279 pai-ens
494 2247 551 2274 ego
570 2241 672 2266 vester
694 2246 791 2274 agam,
810 2237 875 2266 sor-

536 2286 618 2311 tasse
636 2282 780 2318 requiret.

721 2329 869 2360 Hmzvs.

153 2385 227 2418 Sed
260 2383 381 2416 invitis
411 2379 575 2416 omnibus
601 2385 705 2417 libris
741 2387 881 2417 mutare

123 2445 220 2473 'non
242 2441 370 2471 audeo.
436 2440 527 2471 Nam
555 2439 637 2479 plus
665 2446 769 2480 quam
790 2447 881 2479 pro-

115 2537 118 2539 ,
149 2495 274 2528 babile
304 2497 376 2536 est,
403 2494 619 2534 scripturam
650 2492 805 2534 parenti
835 2502 883 2525 ex

153 2550 207 2582 bis
230 2549 325 2582 loeis
347 2549 383 2580 in
418 2550 494 2580 tres
523 2548 608 2580 illos
632 2550 736 2580 codd.
758 2550 882 2582 nescio

152 2614 243 2646 quos
267 2612 443 2636 manasse.
467 2621 511 2626 -—
533 2602 584 2635 ΒΞ
607 2602 673 2634 tibi
696 2604 794 2646 dent,
817 2613 881 2637 so-

147 2659 275 2690 lemnis
306 2662 362 2690 est
400 2660 493 2691 bene
520 2659 692 2699 precandi
714 2659 881 2691 formula.

150 2715 203 2754 11,
228 2713 305 2746 155.
351 2715 424 2746 Sed
447 2714 530 2745 vide
552 2714 585 2744 h.
608 2714 633 2746 1.
649 2713 783 2754 poetae
803 2714 882 2746 ele-

152 2769 323 2811 gantiam·
337 2769 374 2801 in
396 2770 461 2801 illo
484 2770 573 2801 voto
596 2777 674 2801 suo.

196 2845 250 2879 2³.
280 2845 440 2887 Sequar.
493 2846 718 2879 Burmannus
740 2853 785 2877 ex
809 2840 880 2877 uno

925 1027 1062 1062 Heinsii
1091 1026 1216 1060 codice
1257 1023 1357 1057 dedit
1394 1030 1541 1066 sequor.
1600 1023 1657 1055 Δο

926 1091 1100 1126 praesens
1130 1082 1212 1114 huic
1241 1081 1328 1113 loco
1366 1087 1441 1113 non
1476 1079 1657 1111 inconve-

927 1139 1029 1171 niens
1062 1144 1142 1170 esse
1174 1137 1212 1168 et
1239 1136 1384 1168 ratione
1418 1134 1655 1166 confirmatur

928 1196 966 1226 et
987 1192 1172 1233 exemplis.
1218 1188 1338 1232 Quint.
1361 1191 1390 1221 1.
1408 1189 1563 1223 0.V111.
1576 1196 1609 1220 c.
1625 1187 1658 1220 2.

994 1267 1070 1301 Due,
1087 1273 1208 1302 sequor,
1227 1265 1330 1300 accipe
1347 1264 1425 1292 lianc
1447 1263 1575 1292 senilem
1593 1269 1658 1290 ma-

1325 1315 1406 1336 num.

928 1381 1010 1415 vid.
1031 1382 1160 1417 senec.
1182 1379 1361 1412 Troad.v.
1374 1377 1451 1410 993.
1497 1378 1569 1410 Sed
1592 1383 1657 1409 re-

930 1439 990 1469 cte
1012 1435 1119 1468 etiam
1141 1435 1297 1466 futurum
1310 1434 1342 1464 h.
1361 1433 1385 1465 1.
1397 1431 1559 1475 ponitur,
1581 1439 1662 1464 cum

929 1491 1144 1534 praesertim
1168 1490 1212 1522 de
1237 1497 1280 1521 re
1300 1489 1438 1531 futura,
1466 1489 1542 1520 stat
1563 1486 1660 1519 enim

932 1547 1047 1578 adhuc
1060 1544 1223 1585 libellus,
1241 1544 1394 1576 dicatur.
1439 1542 1586 1575 Merkel
1598 1549 1660 1572 se-

933 1608 1031 1642 quar
1053 1608 1122 1640 pro
1146 1599 1380 1632 coniunctivo
1415 1597 1663 1638 accipiendum

935 1658 1070 1687 censet.
1136 1656 1345 1694 Perper-am.
1408 1652 1505 1685 Gall.
1534 1659 1665 1691 nempe

933 1718 1085 1751 sequar.
1130 1711 1236 1741 Rern.
1254 1709 1360 1750 teque
1381 1714 1533 1749 sequar.
1557 1722 1601 1728 —
1620 1706 1666 1738 V.

934 1767 988 1800 26.
1025 1765 1127 1798 Leid.
1148 1763 1400 1806 longinquum.

979 1855 1034 1888 27.
1068 1854 1177 1886 Fora
1197 1849 1376 1884 Caesaris
1405 1850 1467 1884 alii
1491 1852 1537 1884 de
1558 1853 1666 1883 utro-

938 1918 1007 1952 que
1027 1910 1128 1951 soro,
1151 1909 1195 1939 de
1219 1906 1259 1940 C.
1282 1907 1310 1938 1.
1334 1900 1502 1939 Caesaris
1524 1908 1563 1937 et
1586 1905 1669 1946 illo,

939 1966 1035 2006 quod
1078 1963 1264 2004 Augustus
1314 1969 1447 1993 novum
1499 1960 1671 1993 instruxit

938 2021 1063 2058 (Suet.
1083 2013 1185 2058 Aug.
1220 2024 1251 2048 c.
1274 2017 1375 2059 290,
1409 2016 1671 2048 intellexerunt

939 2074 1038 2113 (Vid.
1063 2073 1152 2106 lahn
1175 2073 1213 2104 et
1240 2072 1393 2112 Platz.];
1418 2071 1481 2102 alii
1513 2072 1557 2102 de
1588 2071 1670 2102 solo

938 2130 1024 2162 foro
1058 2127 1221 2169 Augusti.
1273 2128 1329 2159 Ac
1361 2126 1521 2167 priorem
1555 2124 1671 2157 inter-

938 2185 1180 2226 pretationem
1202 2182 1332 2214 falsam
1356 2189 1451 2225 esse,
1474 2188 1543 2212 nec
1575 2179 1672 2212 Cae-

941 2237 1045 2270 saris
1067 2240 1171 2270 recte
1193 2236 1266 2280 dici
1277 2245 1344 2277 pro
1356 2235 1576 2275 Caesarum,
1597 2242 1672 2266 non

942 2303 1033 2335 opus
1068 2296 1124 2326 est
1156 2292 1321 2334 pluribus
1351 2291 1550 2331 explicare.
1594 2290 1674 2322 Nec

943 2349 1075 2382 melior
1097 2350 1154 2380 est
1176 2348 1304 2379 altera.
1356 2345 1471 2378 Poeta
1494 2345 1584 2376 enim
1608 2345 1675 2381 illa

944 2405 984 2438 in
1005 2413 1062 2447 re,
1084 2412 1132 2435 ne
1155 2403 1331 2436 obscurus
1354 2402 1473 2441 fieret,
1490 2401 1591 2440 sequi
1608 2401 1674 2432 de-

946 2461 1056 2493 bebat
1079 2467 1299 2492 communem
1312 2456 1603 2489 consuetudinem
1617 2457 1675 2488 di-

948 2515 1072 2557 cendi,
1107 2523 1176 2555 qua
1203 2513 1334 2555 forum
1357 2509 1533 2544 Caesaris
1555 2511 1675 2542 forum

949 2569 989 2602 C.
1019 2570 1046 2600 Ι.
1077 2568 1244 2602 Caesaris
1273 2567 1559 2607 intelligebatur.
1611 2568 1676 2598 In-

948 2623 1181 2663 telligendum
1196 2615 1251 2654 est
1261 2631 1367 2654 unum
1378 2623 1511 2663 forum,
1535 2623 1573 2653 et
1595 2622 1676 2662 qui-

949 2678 1028 2708 dem
1058 2676 1098 2709 C.
1128 2678 1156 2708 1.
1191 2676 1380 2718 caesaris;
1426 2677 1520 2717 quod
1564 2676 1677 2717 ipsius

947 2732 1105 2764 Nasonis
1126 2740 1194 2763 usu
1216 2731 1357 2763 dicendi
1376 2731 1467 2764 mire
1482 2732 1677 2763 confirma-

948 2789 1032 2827 tur,
1060 2786 1141 2827 qui,
1174 2786 1374 2827 ubicunque
1403 2787 1594 2820 octaviani
1617 2787 1677 2818 fo-

948 2851 1026 2875 rum
1050 2842 1234 2884 intelligit,
1252 2841 1460 2883 Auqustum
1474 2842 1605 2884 forum
1622 2840 1678 2873 di-
