1846 3146
196 181 262 232 78

438 181 493 231 Ρ.
531 180 752 239 ovum
786 181 1103 235 NASONIS
1138 185 1480 237 TRISTIUM

196 307 358 373 thue
391 321 557 371 parum
589 303 788 353 validus
823 321 920 371 non
949 308 1257 374 proficientia
1289 314 1454 358 rector

263 388 492 440 Cervicis
526 387 718 454 rigidae
752 387 893 437 frena
926 392 1124 439 remittit
1158 406 1311 456 equ03

194 474 285 526 Sic
318 488 415 521 non
450 487 545 536 quo
579 471 754 531 voluit,
791 471 882 520 sed
913 488 1007 537 quo
1034 476 1162 540 rapit
1187 476 1393 540 impetus
1426 474 1601 536 undae,
1653 475 1720 524 15

260 557 498 619 Aurigam
530 553 681 603 video
718 554 836 604 vela
869 554 1069 605 dedisse
1104 559 1211 606 rati.

193 638 338 702 Quod
371 638 466 686 nisi
496 642 700 686 mutatas
735 640 948 688 emiserit
979 640 1173 688 Aeolus
1207 656 1366 700 aurae,

255 724 314 772 In
346 721 462 771 loca
493 722 587 770 iam
620 720 762 770 nobis
795 738 891 772 non
926 721 1152 771 adeunda
1185 722 1331 772 ferar.

188 868 336 910 vectus,
368 867 404 899 ΙΙ
422 867 552 900 ¹Heius.
575 867 613 899 et
636 865 744 900 Crev.
770 865 920 909 fluctus,

188 926 242 956 111
272 923 393 958 Heius.
421 924 565 955 ventos.
616 924 732 956 Porro
765 922 841 954 Pal.
874 921 919 964 1.,

189 989 269 1013 exc.
298 981 428 1023 Voss„
463 979 587 1021 Leid.,
621 978 715 1011 Gall.
740 980 777 1010 et
799 978 835 1010 V
857 977 919 1009 alii

188 1036 311 1069 Heius.
323 1037 360 1068 et
372 1036 531 1078 eirsdem
543 1036 598 1067 ed.
609 1044 679 1076 pr„
700 1033 786 1065 item
797 1034 918 1075 Bern.,

186 1093 310 1134 Goth„
332 1070 454 1124 Bero'i.
479 1092 517 1122 et
537 1090 617 1122 Rel.
640 1097 709 1121 nec
729 1087 839 1130 reyit.

234 1179 287 1212 13.
320 1178 478 1212 Rector.
512 1180 657 1221 Dresd.,
675 1177 787 1220 Busl.,
799 1178 919 1220 serv„

184 1236 320 1268 Franc.
351 1244 374 1267 a
397 1235 428 1267 1.
450 1244 496 1267 m.
526 1236 564 1267 et
590 1235 679 1274 VIII
707 1234 770 1265 alii
798 1234 919 1266 Heins.

186 1291 333 1323 vector.
387 1291 629 1323 Retinendum
672 1290 822 1330 rector,
867 1290 920 1321 sic

186 1347 334 1388 plurimi
360 1347 447 1380 libri
475 1349 513 1379 et
541 1346 595 1379 sic
625 1345 732 1378 etiam
766 1345 920 1377 manife-

183 1402 278 1435 stior
318 1402 414 1435 inter
450 1401 628 1443 auriyam
665 1400 920 1440 subsequentis

186 1458 329 1490 distichi
366 1460 404 1491 et
437 1459 532 1490 hanc
560 1464 691 1489 vocem
720 1456 919 1497 oppositio,

183 1522 267 1546 nam
301 1514 434 1546 vector
468 1514 577 1553 etiam
610 1513 656 1544 de
690 1519 736 1544 eo
771 1511 919 1553 dicitur,

183 1570 245 1611 qui
268 1570 424 1602 v'rehitur.
469 1568 616 1601 Rector
638 1568 683 1599 de
706 1569 862 1608 utroque
881 1568 920 1599 et

183 1625 245 1666 qui
269 1634 381 1666 equos
405 1625 468 1658 vel
491 1633 639 1657 currum
662 1624 775 1666 ducit,
799 1623 838 1655 et
859 1622 920 1663 qui

183 1682 305 1714 navim
323 1682 431 1723 regit.
476 1683 565 1714 Met.
584 1682 637 1723 11,
661 1680 741 1723 186,
759 1680 828 1721 Vl,
840 1679 917 1711 232.

181 1735 331 1779 Auriya
353 1739 406 1775 (v.
430 1736 500 1774 16.)
523 1744 593 1777 pro
611 1735 715 1768 nattis
732 1735 918 1776 guberna-

182 1794 267 1826 tore
289 1793 409 1825 rarius
432 1792 628 1825 invenitur.
684 1792 757 1824 Sed
780 1798 827 1822 ex
848 1797 917 1822 eo-

179 1851 264 1882 dem
286 1848 388 1881 fluxit
408 1848 529 1890 fonte,
550 1855 620 1888 quo
645 1853 803 1878 currum
825 1845 917 1883 (Ca-

180 1905 263 1937 tull.
286 1903 419 1945 LXIV,
448 1903 498 1939 9.)
527 1894 595 1942 pro
627 1900 728 1943 navi,
757 1909 918 1932 currere

181 1969 252 2002 pro
296 1957 499 1999 naviqare,
560 1956 677 1999 frena
720 1955 916 1988 remittere

183 2018 301 2055 (Fast.
329 2016 404 2056 111,
434 2013 545 2054 2933,
574 2010 777 2044 immittere
799 2011 915 2044 habe-

181 2079 254 2103 nas
286 2071 404 2108 (Met.
436 2069 507 2106 ll.)
544 2069 588 2101 de
610 2069 697 2100 navi
735 2068 914 2101 dixerunt.

181 2127 265 2160 Non
294 2127 415 2158 tamen
452 2124 555 2156 nullo
586 2125 788 2165 praeeunte
814 2125 914 2157 Naso

181 2181 358 2222 auriyam
382 2177 487 2212 dixit:
521 2179 573 2212 ita
603 2179 693 2217 (vid.
714 2180 823 2212 Voss.
851 2181 914 2212 In-

181 2236 273 2269 stitt.
295 2235 358 2269 Or.
380 2236 444 2268 1V.
467 2243 498 2267 c.
523 2236 578 2273 6.)
613 2235 752 2276 antiqui
782 2238 915 2277 poetae

182 2299 350 2324 versum:
389 2289 536 2332 Tiphyn
569 2289 745 2332 auriyam
779 2289 916 2324 celeris

178 2347 306 2390 fecere
337 2345 507 2387 carinae,
537 2347 745 2388 producunt
776 2345 915 2380 Charis.

181 2405 226 2435 11.
250 2412 284 2444 p.
306 2403 398 2445 243„
421 2403 553 2435 Donat.
578 2403 623 2434 de
644 2401 915 2443 Trop.1›.1775.

182 2459 321 2491 ΒσιιΜ.
366 2458 504 2490 Eodem
526 2458 632 2490 modo
649 2466 672 2490 a
695 2456 847 2490 Graecis
868 2449 914 2498 ῆ-

181 2511 304 2556 νίοχος
325 2508 418 2551 νεώς
441 2513 587 2556 dicitur,
600 2514 644 2545 de
659 2521 730 2554 quo
753 2521 819 2545 usu
842 2512 915 2544 vid.

180 2570 315 2603 valek.
345 2570 392 2602 ad
421 2569 546 2610 Eurip.
576 2568 719 2610 Hippol.
750 2578 787 2601 v.
815 2567 912 2600 1223.

181 2627 220 2658 et
243 2626 338 2658 Mur.
360 2624 452 2658 var.
473 2625 593 2658 Lectt.
615 2625 642 2656 Ι.
659 2624 755 2658 c.11.
769 2625 912 2666 —Reg.

180 2679 299 2714 mles.
344 2682 423 2715 Put.
446 2682 484 2713 et
506 2682 542 2713 11
564 2680 626 2713 alii
646 2680 912 2714 Heins.victor.

183 2754 222 2760 —
263 2736 310 2769 V.
340 2736 393 2769 14.
433 2737 524 2779 Reg.
559 2735 686 2778 riyido
708 2735 764 2778 rr.
794 2734 911 2768 remi-

179 2791 239 2826 sit.

224 2883 275 2915 15.
308 2881 374 2915 Sic
409 2889 487 2914 non
524 2888 607 2927 quo.
669 2883 744 2914 Pal.
784 2882 829 2924 1.,
864 2881 909 2915 fr.

987 867 1094 909 Rev.,
1105 867 1226 910 Serv„
1236 868 1368 901 Franc.
1392 869 1429 900 et
1446 869 1483 901 Π
1504 868 1567 902 alii
1581 868 1720 910 nefins„

987 922 1073 955 item
1096 924 1202 964 seg„
1232 923 1353 955 Berol.
1384 929 1456 964 quo
1484 931 1570 955 non.
1616 925 1718 957 Eun-

988 979 1067 1010 dem
1090 979 1252 1010 ordinem
1275 980 1402 1011 servat
1425 981 1599 1021 corrupta
1617 979 1718 1011 scri-

986 1035 1095 1073 ptura
1140 1034 1275 1066 codicis
1308 1032 1414 1065 Bern.
1444 1032 1477 1065 si
1518 1042 1589 1076 quo
1631 1042 1718 1074 non,

986 1089 1081 1120 Mor.
1112 1089 1179 1120 sed
1207 1097 1282 1130 qua
1312 1097 1405 1131 non,
1434 1089 1531 1121 Busl.
1560 1087 1616 1120 sic
1646 1096 1720 1130 quo

985 1150 1060 1174 non
1073 1142 1207 1175 valuit.
1240 1145 1319 1187 Ego
1334 1145 1506 1177 maiorem
1517 1144 1616 1176 illam
1637 1145 1717 1176 ele-

985 1198 1158 1240 gantiam,
1193 1207 1298 1240 qnam
1328 1200 1366 1232 in
1397 1207 1468 1242 quo
1503 1207 1579 1231 non
1617 1199 1719 1232 videt

986 1253 1204 1296 Merkelius,
1226 1263 1301 1286 non
1323 1255 1451 1287 sentio.
1495 1255 1621 1295 Itaque
1637 1263 1718 1286 cum

984 1309 1096 1350 longe
1125 1309 1290 1350 plurimis
1325 1311 1415 1342 vett.
1452 1309 1557 1343 libris
1585 1310 1719 1343 retinui

986 1366 1182 1406 vulgatam.

1027 1444 1167 1487 Rapit,
1198 1446 1238 1477 ut
1267 1442 1371 1475 Pont.
1394 1442 1461 1483 111,
1484 1441 1522 1484 7,
1544 1441 1592 1484 8.,
1614 1441 1719 1482 virg.

984 1500 1118 1541 Georg.
1149 1501 1181 1542 1,
1212 1499 1290 1531 203.
1336 1513 1378 1519 —-
1420 1497 1578 1538 Frane„
1622 1496 1717 1538 Bel„

983 1555 1107 1598 Crev.,
1129 1562 1210 1587 exc.
1230 1554 1339 1587 Voss.
1369 1553 1407 1585 et
1437 1553 1472 1585 11
1502 1552 1566 1586 alii
1596 1552 1719 1584 Heius.

983 1607 1115 1642 trahit.
1160 1609 1237 1642 Pal.
1259 1609 1291 1641 2.
1314 1606 1430 1649 capit.

1027 1697 1080 1730 16.
1114 1695 1272 1730 Dedisse
1297 1696 1379 1728 fere
1410 1697 1467 1728 ωε
1495 1703 1566 1736 pro
1596 1694 1716 1727 remi-

982 1750 1098 1792 sisse,·
1127 1761 1198 1793 quo
1229 1752 1346 1785 verbo
1369 1759 1454 1783 usus
1477 1751 1511 1782 11.
1532 1751 1558 1783 l.
1581 1753 1652 1794 est,
1678 1754 1720 1784 ut

983 1808 1102 1840 oratio
1141 1808 1197 1840 illi
1228 1806 1338 1840 simili
1369 1806 1415 1839 ab
1457 1805 1557 1847 equis
1598 1807 1718 1848 sumto

984 1866 1216 1906 congrueret.
1261 1879 1306 1887 —-
1350 1862 1432 1896 Bel.
1459 1869 1483 1894 a
1512 1861 1544 1894 1.
1572 1870 1620 1895 111.
1649 1869 1717 1894 re-

982 1919 1138 1951 ctorem.

1027 2008 1080 2040 17.
1110 1998 1454 2039 EmiseritAeozus'.
1477 2004 1630 2046 Aeolus,
1643 2011 1710 2036 rex

980 2064 1189 2104 ventorum,
1211 2062 1249 2093 in
1270 2061 1412 2092 seriore
1434 2059 1560 2092 fabula
1581 2061 1714 2093 ventos

979 2118 1016 2151 in
1039 2117 1170 2150 montis
1194 2115 1353 2148 cavitate
1386 2114 1549 2148 inclusos
1571 2113 1717 2157 premit,

980 2175 1074 2206 unde
1103 2181 1150 2205 ex
1179 2169 1349 2213 arbitrio,
1379 2179 1468 2212 quos
1494 2170 1550 2204 illi
1571 2171 1722 2213 placet,'

1037 2226 1125 2260 ittit.
1171 2227 1274 2268 Virg-
1304 2228 1347 2259 A.
1375 2227 1415 2269 1,
1446 2227 1518 2270 52„
1550 2228 1610 2260 ubi
1639 2227 1714 2261 vid.

979 2235 1101 2334 ἕξιν,
1125 2283 1214 2315 Met.
1237 2282 1310 2325 IV,
1342 2282 1441 2324 662„
1470 2283 1557 2315 Her.
1578 2282 1644 2325 XI,
1667 2283 1715 2324 5.,

979 2338 1040 2370 ubi
1062 2338 1135 2370 vid.
1158 2338 1235 2369 not.
1259 2337 1361 2369 Hom.
1385 2335 1450 2370 Od-
1473 2338 1521 2380 X,
1543 2335 1599 2369 21.
1684 2345 1687 2349 ·

1046 2424 1179 2458 Κεῒνον
1205 2419 1275 2466 γὰρ
1296 2421 1432 2467 ταμίην
1453 2418 1600 2466 ἀνέμων
1620 2422 1709 2457 ποί-

1377 2487 1442 2523 ησε
1463 2477 1633 2523 Κρονίων

1046 2528 1093 2566 Ἠ
1114 2527 1182 2575 μὲν
1204 2528 1406 2576 παυέμεναι
1440 2530 1506 2581 ⁷5⁶⁹,
1533 2528 1712 2577 δρώμεν’,

1379 2583 1423 2625 ὅν
1443 2585 1478 2624 κ’
1502 2585 1660 2634 ἐθέλῃσι.

979 2679 1059 2711 nuo
1089 2679 1211 2712 nefins.
1238 2677 1450 2712 immam-it.
1510 2677 1608 2711 ean.
1637 2682 1712 2708 ωι-
1816 2650 1830 2696 ³⁹

978 2734 1061 2766 das.
1107 2735 1216 2768 Voss.
1240 2735 1338 2767 alas.

1023 2823 1076 2857 18.
1098 2824 1239 2864 Fer-ar,
1252 2825 1415 2866 deferar,
1425 2823 1598 2866 abripiar.
1615 2822 1714 2856 Iam.

977 2881 1061 2913 vid.
1083 2881 1114 2922 1,
1139 2881 1175 2922 ³,
1197 2880 1251 2912 32.
