1846 3146
574 147 703 197 Lm.
736 149 775 196 1.
825 148 1025 197 nme.
1059 149 1123 197 11.
1171 157 1177 163 ·
1215 110 1232 117 ’

1536 149 1599 200 49

91 263 301 318 Scilicet
332 250 612 343 occidimus,
646 284 741 318 nec
772 284 887 335 spes
919 276 997 318 est
1027 270 1132 318 ulla
1163 268 1361 340 salutis,

154 350 374 415 Dumque
406 351 597 416 loquor,
631 351 797 400 vultus
830 352 989 401 obruit
1021 351 1151 400 unda
1187 367 1335 401 meos.

90 431 339 498 opprimet
369 419 495 483 hanc
528 435 727 483 animam
760 434 949 493 fluctus,
984 433 1260 499 frustraque
1281 436 1499 500 precanti
1535 433 1600 482 35

155 513 255 564 Ore
286 520 541 565 necaturas
575 519 866 582 accipiemus
900 533 1064 580 aquas.

35 592 39 598 ’
86 596 159 645 At
190 599 272 663 pia·
303 597 375 646 nil
405 597 557 658 aliud,
594 615 729 663 quam
764 614 840 648 me
874 597 1013 647 dolet
1043 599 1217 647 exsule
1251 601 1454 649 coniux:

150 678 264 728 Hoc
296 696 436 728 unum
469 683 623 729 nostri
657 683 845 746 scitque
878 684 1119 746 gemitque
1152 682 1279 731 mali.

60 757 64 761 ’
88 760 264 811 Nescit
295 763 346 810 in
377 763 606 812 immenso
639 765 809 812 iactari
844 780 1052 830 corpora
1084 770 1251 830 ponto,

91 889 100 903 ,
152 843 330 893 Nescit
362 847 443 910 agi
477 848 655 907 ventiS‚
690 848 848 895 nescit
881 846 1059 895 adesse
1092 862 1272 896 necem.

1521 813 1600 897 Δ40

87 922 131 974 0
154 924 303 988 bene,
339 927 469 993 quod
499 945 597 998 non
629 947 748 981 sum⁷
764 945 946 979 mecum
981 930 1314 979 conscendere
1347 945 1536 996 passuS‚

150 1006 235 1057 Ne
266 1009 379 1059 mihi
410 1027 538 1060 mors
571 1014 746 1062 misero
779 1013 854 1062 bis
888 1012 1118 1079 patienda
1151 1012 1308 1062 foret!

126 1140 180 1173 ³3.
212 1140 378 1186 ›sam-et,
401 1145 552 1179 intendit
574 1148 619 1179 ad
641 1148 807 1188 gravita-

83 1195 155 1229 tem
175 1196 247 1239 rei,
268 1206 360 1238 quae
380 1200 622 1243 subsequitur,
646 1203 707 1234 vel
728 1211 806 1234 cum

83 1252 268 1292 gravitate
286 1254 483 1297 concludit,
506 1257 585 1288 fere
595 1260 634 1289 ut
646 1260 806 1289 nostrum

75 1303 138 1345 ja.
181 1307 263 1340 vid.
286 1311 361 1342 not.
383 1311 429 1359 ad
451 1311 500 1352 11,
524 1311 599 1343 107.

126 1370 231 1415 Quod
242 1382 339 1406 nunc
350 1375 462 1426 vulgo
477 1375 611 1418 legitur
631 1387 699 1410 nec
720 1387 806 1419 spes

82 1425 158 1458 nisi
183 1435 284 1460 vana
310 1429 476 1463 Heinsius
505 1440 551 1465 ex
587 1442 658 1466 uno
682 1435 804 1468 Comb.

82 1477 232 1524 recepit.
275 1483 412 1517 Verum
442 1487 488 1518 ad
517 1495 661 1521 sensum
689 1489 805 1532 aptis—

0 1531 9 1535 ’
81 1536 173 1568 sima
193 1539 249 1570 aet
269 1541 421 1582 vulgata
440 1551 508 1574 nec
529 1551 615 1584 spes
633 1547 688 1578 est
710 1548 804 1589 ulla,

0 2281 11 2393 W„
0 2250 3 2258 -

0 2400 10 2531 μῆν’-’τῆ

83 1590 189 1625 imno
198 1609 200 1611 >
210 1594 342 1627 melior
357 1600 521 1638 propter
550 1599 639 1631 illud
664 1600 804 1633 occidi-

82 1654 167 1680 mus
187 1651 281 1690 quod
303 1652 503 1694 praecedit,
526 1656 609 1694 post
629 1656 806 1696 quodnisi

81 1709 194 1744 vana,
215 1704 301 1736 mihi
322 1706 475 1749 quidem,
496 1709 528 1740 si
552 1710 736 1750 quicquum
760 1719 805 1742 a-

82 1756 172 1800 liud,
192 1759 369 1802 languere
390 1763 544 1795 videtur.
591 1765 697 1798 Crev.
721 1774 807 1805 spes

83 1808 140 1844 ciet
173 1812 257 1847 illa.
298 1816 344 1848 V.
385 1817 439 1850 35.
491 1819 574 1860 Seg.
615 1822 653 1852 et
695 1821 802 1854 crev.

86 1866 228 1900 obruet.
751 1890 757 1892 ν

125 1945 179 1978 36.
202 1944 431 2002 Νεσᾳίανασ.
476 1949 558 1983 Vid.
582 1952 628 1982 ad
649 1952 723 1994 IV,
746 1948 803 1995 10,

82 1999 136 2032 ⁶2.
180 2001 300 2034 Berol.
321 2010 345 2034 a
368 2003 398 2035 1.
420 2012 464 2036 m.
485 2004 694 2038 nocituras.

126 2087 180 2119 8⁷.
210 2087 281 2120 Nil
307 2089 425 2132 alind,
455 2100 565 2134 quam
595 2103 653 2128 me
675 2097 710 2129 d.
733 2106 804 2130 ea·-

82 2141 176 2174 sule.
218 2143 423 2178 Verborum
451 2157 536 2181 usus
569 2152 804 2193 cumaduplici

79 2196 258 2239 rectione,
272 2208 375 2240 quam
390 2207 541 2246 vocant,
565 2207 602 2237 et
621 2207 743 2239 varius
767 2210 805 2241 et

81 2251 251 2292 frequens
273 2256 340 2287 est.
383 2257 466 2290 Vid.
488 2260 578 2300 Nep.
601 2263 682 2294 Dat.
701 2271 732 2295 c.
756 2265 804 2306 3.,

82 2306 251 2349 Heusing.
273 2311 319 2342 ud
332 2310 407 2348 Cic.
432 2313 498 2346 ΟΕ.
520 2317 547 2358 I.
573 2325 605 2349 c.
627 2319 697 2360 28„
729 2319 804 2353 Ou-

82 2362 254 2413 dendorp.
289 2366 336 2396 ad
357 2366 456 2399 Suet.
489 2365 599 2412 Ves‘p.
628 2382 659 2405 c.
686 2373 738 2407 19.
760 2393 804 2399 —

81 2417 187 2449 Nova
210 2425 339 2450 caussa
366 2422 646 2461 misericordiam
669 2434 803 2463 movet.

80 2472 145 2505 Fr.
167 2473 257 2506 Rev.
290 2474 332 2505 at
360 2483 453 2508 mea.
500 2478 606 2515 Crev.
642 2484 700 2517 hic
735 2493 804 2517 no-

82 2537 166 2561 vum
188 2537 334 2562 carmen
355 2531 490 2574 incipit.

114 2607 181 2649 28.
214 2607 304 2650 neg.
327 2617 396 2650 pro
425 2620 460 2642 v.
482 2621 554 2645 scr.
582 2612 718 2655 fletque
736 2623 803 2657 ye-

84 2658 232 2702 maeque.

127 2724 181 2771 ³9.
217 2739 358 2775 Nescit.
403 2745 585 2786 Repetitio
621 2747 688 2779 illa
725 2748 806 2781 huic

84 2792 230 2828 affectui
251 2799 346 2838 apta.
357 2815 400 2822 —
412 2799 598 2841 Corpora.
621 2801 702 2835 Vid.
714 2805 759 2835 ad
773 2805 805 2845 1,

875 1147 911 1187 8,
936 1145 989 1178 29.
1037 1145 1199 1178 Iac-tari.
1213 1146 1316 1180 Conf.
1339 1148 1405 1189 111,
1422 1148 1458 1189 2,
1482 1147 1533 1179 15.
1556 1163 1600 1170 —-

872 1203 967 1234 Mor.
1000 1201 1120 1234 nescit
1157 1201 1196 1234 et
1232 1200 1332 1233 imm.
1363 1202 1470 1235 Goth.
1505 1201 1598 1234 bra-

873 1255 969 1288 chia.
1282 1263 1286 1266 ·

917 1333 971 1366 41.
997 1332 1027 1366 0
1050 1333 1148 1365 bene.
1185 1335 1320 1378 Guelf„
1342 1335 1419 1367 Pol.
1445 1335 1490 1377 1.,
1512 1336 1599 1368 vat.

874 1389 919 1431 1.,
941 1390 1017 1421 Pal.
1039 1390 1087 1431 2.,
1121 1390 1198 1421 Put.
1222 1398 1245 1421 a
1267 1391 1299 1422 2.
1323 1399 1367 1423 m.
1392 1394 1429 1423 et
1460 1393 1512 1424 IV
1536 1391 1599 1422 alii

871 1443 911 1475 di
921 1443 1020 1476 bene.
1066 1447 1122 1477 Ita
1144 1446 1255 1487 Stat„
1279 1446 1423 1488 Claud„
1446 1449 1598 1487 Ausum,

871 1499 918 1531 al.
942 1499 1089 1530 HmNs.
1136 1501 1357 1540 Simpliciter
1379 1500 1468 1532 bene
1491 1501 1600 1532 hahet

871 1550 991 1594 Quint.
1014 1555 1172 1587 Declam.
1196 1557 1274 1587 XV.
1300 1564 1332 1588 c.
1353 1556 1400 1598 1.,
1422 1558 1467 1588 11.
1492 1564 1523 1587 c.
1545 1555 1597 1587 13.
1637 1563 1643 1572 ’

872 1610 908 1640 et
930 1609 982 1640 ita
1003 1610 1134 1649 passim
1167 1610 1240 1642 alii.
1270 1610 1408 1642 vat.
1464 1611 1598 1642 Eadem

871 1663 1053 1696 brevitate
1089 1664 1223 1697 dicitur
1256 1665 1294 1697 di
1319 1665 1454 1698 melius
1475 1665 1539 1697 vel
1561 1663 1600 1697 de·

871 1719 1050 1758 meliora,·
1073 1727 1272 1760 quanquam
1285 1720 1324 1752 aa·
1333 1720 1496 1752 meliora
1516 1722 1599 1752 fere

871 1776 1136 1807 averruncandi
1147 1776 1312 1808 ⁴formula
1328 1778 1399 1818 est,
1420 1785 1494 1809 non
1506 1786 1596 1818 pro—

870 1829 988 1862 bandi.
1012 1830 1086 1863 Cic.
1107 1831 1258 1873 Philipp.
1286 1833 1328 1864 X.
1350 1841 1382 1864 c.
1405 1833 1453 1875 2.,
1476 1834 1597 1866 Heius.

870 1885 917 1915 ad
938 1877 1027 1917 Met.
1056 1886 1141 1928 vn,
1175 1887 1227 1919 37.
1273 1888 1314 1920 In
1338 1891 1505 1923 oratione
1527 1892 1596 1924 mi-

869 1946 937 1970 nus
950 1943 1128 1972 commota
1139 1943 1290 1975 verbum
1304 1943 1437 1985 facere
1460 1947 1522 1978 vel
1543 1948 1597 1979 si-

870 1993 954 2025 mile
975 1995 1127 2028 additur.
1172 1998 1259 2029 Hor.
1290 1999 1366 2031 Sat.
1402 2002 1439 2042 1,
1472 2002 1518 2043 4,
1542 2002 1596 2034 17.

869 2049 1006 2082 Verum
1046 2053 1115 2083 hoc
1154 2052 1239 2085 loco
1284 2057 1529 2089 revocandum
1575 2063 1597 2089 o

870 2104 968 2146 bene,
1000 2115 1079 2139 cum
1108 2110 1197 2140 vett.
1225 2109 1338 2141 libris.
1400 2111 1482 2145 Vid.
1516 2115 1596 2146 Art.

870 2161 913 2191 A.
935 2161 978 2191 11.
1003 2162 1093 2204 605„
1116 2164 1260 2196 Terent.
1284 2167 1396 2198 Andr.
1420 2169 1460 2209 Ι,
1485 2168 1519 2210 1,
1542 2169 1596 2201 78.

869 2216 999 2248 Franc.
1027 2225 1051 2248 a
1086 2217 1116 2249 1.
1139 2227 1183 2250 m.
1207 2220 1243 2250 et
1264 2219 1362 2254 bene.
1408 2221 1597 2255 Conscen-

870 2271 960 2302 dere
982 2274 1115 2315 autem,
1137 2282 1211 2306 non
1222 2275 1359 2319 addito,
1392 2277 1475 2318 quid
1506 2286 1596 2310 con-

870 2335 1035 2360 scensum
1052 2329 1113 2372 sit,
1136 2333 1238 2362 recte
1262 2331 1408 2374 dicitur,
1430 2333 1477 2374 si,
1500 2335 1541 2366 ut
1563 2334 1596 2365 h.

870 2382 910 2423 1.,
934 2390 980 2414 ex
995 2384 1166 2416 contextu
1185 2386 1376 2428 orationiS,
1400 2388 1479 2428 quid
1504 2397 1596 2421 con-

870 2444 1036 2469 scensum
1055 2439 1116 2481 sit,
1132 2440 1220 2471 satis
1235 2443 1359 2474 notum
1381 2446 1446 2476 est.
1490 2445 1596 2476 Rern.

869 2499 1003 2523 navem
1034 2495 1294 2528 conscendere.
1338 2499 1394 2530 De
1422 2506 1466 2531 re
1499 2499 1595 2531 conf.

870 2546 902 2587 Ι,
926 2548 962 2587 3,
991 2548 1044 2580 88.
1091 2548 1232 2582 Passus
1262 2559 1294 2583 c.
1324 2559 1469 2600 mecung
1495 2553 1596 2585 Leid.

915 2641 968 2673 42.
997 2642 1126 2674 Foret.
1170 2644 1253 2675 Vid.
1285 2646 1352 2687 lv,
1370 2646 1425 2689 ,1,
1455 2647 1486 2679 4.
1531 2647 1596 2679 Ed.

871 2704 928 2736 pr.
950 2696 1069 2729 Heins.
1093 2706 1192 2730 nunc
1204 2698 1305 2731 milti.
1351 2703 1463 2743 Mora,
1486 2701 1596 2743 BusL,

872 2751 976 2783 Bern.
997 2751 1052 2784 bis
1073 2752 1210 2786 misero
1219 2763 1334 2787 mors.
1357 2758 1455 2790 Unus
1465 2757 1596 2789 Medic.

874 2805 929 2838 bis
953 2807 1164 2841 toleranda.

1310 2866 1335 2906 4
