1846 3146
496 204 751 256 unm,
799 173 1175 253 maxum
1222 202 1394 265 (ΧΠ)

1604 203 1702 253 323

186 327 464 394 Herbaque,
499 341 623 393 quae
655 306 798 375 latuit
821 312 1120 390 Cerealibus
1152 324 1327 375 obruta
1357 324 1526 386 sulcis,

252 411 456 461 Exserit
488 424 518 459 e
550 409 718 476 tepida
747 408 897 458 molle
931 422 1162 458 cacumen
1190 407 1347 458 hume.

187 492 390 559 Quoque
422 494 536 543 loco
568 498 646 543 est
676 494 811 552 vitis,
847 491 911 540 de
942 491 1141 557 palmite
1164 506 1359 556 gemma
1386 496 1632 541 movetur:

253 577 380 626 Nam
411 576 585 643 procul
617 591 647 624 a
681 573 858 624 Getico
892 575 1058 624 litore
1071 577 1190 624 vitis
1222 574 1375 623 abest.

188 657 410 724 Quoque
420 658 536 725 loco
569 662 646 707 est
679 658 839 719 arbor,
873 657 1112 722 turgescit
1145 659 1196 705 in
1222 656 1396 706 arbore
1416 673 1600 706 ramus:
1634 656 1701 705 15

252 739 380 790 Nam
412 722 586 807 procul
619 758 649 790 a
683 739 872 790 Geticis
904 739 1099 790 finibus
1111 739 1258 789 arbor
1290 739 1444 789 abest.

188 821 302 885 Otia
332 838 460 873 nunc
490 825 617 884 istic,
654 825 928 888 iunctisque
961 837 1027 872 ex
1061 822 1234 871 ordine
1267 821 1401 872 ludis

252 902 450 956 Cedunt
482 906 684 956 verbosi
717 900 922 971 garrula'
948 905 1085 955 bella
1118 905 1243 965 foi-13
1274 939 1285 942 -

228 1055 282 1089 11.
314 1053 542 1088 Cerealibus.
593 1055 677 1088 Vid.
701 1057 747 1088 ad
771 1057 851 1098 111,
873 1056 910 1098 8,

186 1110 217 1144 1.
263 1113 352 1144 net.
375 1112 409 1153 1,
432 1111 506 1143 183.

251 1185 374 1216 Semina
404 1186 467 1212 tum
489 1183 615 1219 primum
648 1184 748 1221 longis
771 1185 910 1213 Cerealia

290 1267 296 1276 ¹
579 1228 671 1258 sulcis

249 1272 364 1302 obruta
379 1288 414 1294 —-

185 1344 280 1376 Mor.
298 1342 514 1375 celantibus.

193 1439 203 1449 .
229 1419 282 1452 12.
313 1419 485 1452 Ean-serit.
528 1420 604 1453 Pal.
628 1421 675 1462 1.,
694 1421 909 1463 exc.Voss.,

184 1475 308 1517 Leid.,
340 1477 394 1509 IV
421 1477 484 1508 alii
514 1476 696 1508 Heinsiani
718 1480 755 1508 et
778 1476 906 1508 Dresd.

183 1530 338 1564 excitat.
391 1531 535 1563 Pirckh.
568 1530 696 1572 eyerit.
758 1532 908 1572 Bersm„

183 1586 303 1628 Busl„
332 1583 457 1629 nem,
486 1588 606 1619 Berol.
629 1589 666 1619 et
688 1588 762 1619 VII
786 1587 907 1619 Heius.

183 1640 307 1683 erigit.
351 1643 443 1684 Put„
455 1643 545 1684 Iun.,
558 1651 647 1674 unus
666 1643 766 1684 Vnt„
786 1643 908 1683 Crev„

184 1698 269 1739 Seg-
290 1706 359 1738 pro
381 1707 417 1730 v.
438 1706 511 1729 scr.
535 1699 573 1729 et
595 1698 650 1729 ed.
671 1699 806 1729 Bonon.
830 1696 911 1729 escit

185 1751 233 1783 et.
289 1752 368 1784 Bel.
398 1751 501 1784 exiit.
553 1753 637 1785 Vat.
674 1753 704 1785 1.
713 1776 727 1795 ,
756 1754 831 1785 Pal.
861 1754 908 1795 2.,

186 1806 306 1838 Guelf.
350 1806 431 1839 escit
473 1808 510 1839 et
556 1808 736 1847 expendit
784 1810 909 1850 molle,

186 1860 307 1893 Guelf.
323 1862 442 1894 tamen
453 1852 644 1902 expandit.
667 1863 779 1905 Busl.‚
790 1865 911 1907 Bern.,

185 1917 288 1950 Leid.
311 1920 348 1950 et
370 1917 424 1949 ΠΙ
445 1917 508 1950 alii
530 1918 650 1950 Heius.
674 1926 699 1949 a
721 1917 860 1958 tepida.

230 1993 292 2035 13„
317 1993 471 2026 Gemma
492 1995 682 2036 movetur,
713 1996 909 2038 excitatur,

184 2050 308 2090 turget
328 2050 392 2082 vel
414 2050 543 2090 tumet,
566 2052 604 2083 ut
626 2052 724 2084 Fast.
739 2052 780 2092 -1,
802 2051 876 2084 152.
911 2082 913 2084 .

248 2122 291 2150 Et
313 2129 394 2150 non
423 2123 462 2151 de
484 2123 608 2160 gravido
637 2124 760 2158 palmite
791 2132 909 2160 gemma

581 2169 684 2197 tumet.

185 2227 334 2269 Franc„
354 2227 406 2259 XI
425 2226 489 2259 alii
508 2227 630 2260 Heius.
653 2230 690 2261 et
712 2227 831 2259 Berol.
854 2227 912 2259 est

186 2283 364 2316 omittunt.

230 2359 285 2392 14.
315 2358 350 2392 A
373 2350 674 2392 Getico—abest.
716 2358 819 2392 Conf.
844 2361 911 2402 111,

188 2415 246 2457 1⁰,
268 2415 322 2446 71.
372 2415 426 2447 De
449 2413 588 2446 Geticis
605 2413 742 2456 finibus
769 2415 840 2446 vid.
864 2415 911 2446 ad

187 2471 222 2512 Ι,
245 2466 379 2510 10,’14.
401 2485 446 2493 --
467 2470 543 2501 Pal.
575 2470 626 2510 1.,
659 2471 752 2512 Put.,
775 2471 826 2502 IX
847 2468 911 2501 alii

187 2525 331 2567 Heius„
360 2526 463 2557 Bern.
493 2526 530 2556 et
563 2525 691 2556 Dresd.
720 2526 787 2557 sed
811 2533 909 2565 pro-

187 2581 261 2613 cul.
280 2597 325 2603 —-
342 2581 426 2612 Vss.
440 2581 492 2612 15.
507 2580 559 2612 16.
576 2580 612 2612 in
623 2581 697 2612 Pal.
711 2580 757 2622 1.,
772 2581 910 2622 Guelf.‚

186 2637 280 2678 Put.‚
304 2635 415 2677 Gall„
437 2635 533 2676 Bel„
556 2635 640 2676 seg.
662 2638 698 2667 et
722 2637 828 2669 Crem
841 2636 907 2667 de-

186 2691 402 2723 siderantur.
466 2692 508 2722 In
536 2690 632 2722 Busl.
661 2698 684 2721 a
710 2691 910 2723 recentiori

186 2753 294 2778 nanu
320 2747 414 2777 sunt.
442 2761 487 2767 —
513 2745 558 2777 V.
588 2745 640 2778 16.
674 2746 828 2787 Franc.,
858 2747 910 2778 lx

189 2799 251 2832 alii
274 2800 393 2834 Heius.
418 2802 455 2834 et
476 2800 605 2833 Dresd.
626 2800 693 2832 sed
711 2800 860 2840 procul.

233 2887 285 2922 1⁷.
311 2888 398 2922 Otia
419 2896 517 2921 nunc
537 2887 633 2921 istic.
671 2889 772 2921 Vere
793 2888 909 2921 feriae

976 1058 1082 1087 erant
1125 1054 1283 1088 stativae
1325 1054 1472 1096 ludique
1511 1057 1549 1087 et
1587 1061 1702 1095 prope

976 1110 1148 1142 continua
1170 1111 1290 1152 festa,
1320 1110 1423 1142 velut
1440 1108 1702 1151 Quinquatrna

974 1167 1074 1204 (Vid.
1097 1168 1143 1198 ad
1165 1167 1232 1207 IV,
1266 1165 1329 1207 10,
1359 1164 1431 1202 13.)
1459 1165 1496 1197 in
1525 1165 1702 1197 honorem

975 1222 1179 1261 Minervae,
1200 1218 1422 1260 Meyalesia,
1443 1226 1535 1259 quae
1560 1220 1624 1252 Vl.
1648 1221 1702 1252 Id.

974 1276 1090 1316 April.
1113 1277 1228 1313 (Fast.
1250 1275 1319 1315 IV,
1341 1273 1418 1305 287.
1440 1280 1539 1314 seqq.
1564 1277 1600 1306 et
1624 1276 1700 1307 379.

973 1340 1070 1373 seqq.
1117 1330 1221 1364 conf.
1243 1329 1323 1362 Liv.
1356 1330 1485 1361 xxlx.
1515 1338 1547 1362 c.
1570 1331 1641 1368 14.)
1663 1331 1700 1363 in

972 1387 1138 1427 Magnae
1164 1383 1302 1417 matris
1328 1385 1503 1417 honorem
1530 1386 1700 1419 celebra-

973 1442 1126 1483 bantur,
1169 1441 1254 1473 item
1287 1440 1468 1473 Floralia
1496 1443 1534 1473 et
1557 1439 1697 1472 Cerea-

973 1495 1028 1527 lia
1050 1496 1164 1533 (Fast.
1188 1497 1250 1528 IV.
1273 1499 1312 1528 et
1333 1497 1398 1532 V.)
1410 1509 1429 1537 ,¹
1447 1497 1482 1528 in
1507 1496 1632 1537 quibus
1656 1505 1700 1528 o-

973 1552 1111 1583 mnibus
1150 1550 1285 1592 publici
1318 1551 1394 1583 ludi
1423 1556 1538 1584 erant.
1593 1551 1700 1584 Istic.

972 1605 1055 1637 Vid.
1080 1606 1149 1646 111,
1174 1605 1231 1647 10,
1255 1606 1285 1638 1.
1331 1607 1427 1639 Gall.
1450 1609 1486 1639 et
1507 1607 1587 1639 Bel.
1608 1605 1702 1638 illic.

973 1661 1069 1692 Busl.
1102 1668 1126 1692 a
1162 1660 1191 1693 1.
1225 1670 1270 1693 m.
1302 1660 1368 1693 isti
1395 1661 1557 1704 victique
1586 1665 1637 1704 (q.
1668 1671 1702 1695 e.

972 1714 1177 1757 iunctique)
1186 1715 1327 1748 -ludi.
1347 1719 1382 1749 II
1394 1717 1514 1750 Heius.
1528 1711 1705 1749 otia‘sunt

972 1768 1066 1802 illic.
1110 1770 1210 1801 Sunt
1229 1771 1335 1803 etiam
1357 1773 1486 1804 Dresd.
1509 1773 1703 1814 —Pal.1.,

975 1826 1110 1856 Bersm.
1133 1827 1171 1856 et
1192 1826 1285 1858 VIII
1317 1826 1382 1858 alii
1403 1827 1540 1859 Heinsii
1558 1827 1702 1860 iuncti-

976 1879 1196 1922 que—ludi.
1247 1881 1349 1913 Leid.
1372 1883 1410 1913 et
1432 1882 1541 1916 crev.
1563 1890 1633 1924 que
1656 1891 1702 1916 o·-

974 1936 1130 1968 mittunt.

1020 2013 1072 2046 18.
1108 2012 1282 2046 Gan-ula
1303 2012 1413 2046 bella.
1457 2016 1551 2057 Put„
1567 2016 1637 2048 XV
1658 2024 1701 2047 a-

972 2068 1014 2101 lii
1034 2069 1171 2110 Heius„
1194 2071 1298 2101 Bern.
1322 2071 1359 2102 et
1382 2070 1490 2103 Crev.
1514 2080 1592 2103 cum
1611 2074 1701 2104 vett.

974 2124 1054 2156 edd.
1077 2126 1226 2164 praeter
1247 2126 1400 2166 Bonon.,
1422 2127 1589 2165 garrula
1610 2134 1701 2157 ver-

975 2178 1042 2212 ba..
1056 2180 1199 2221 Reliqui
1218 2181 1321 2212 codd.
1337 2188 1447 2221 yarr.
1463 2181 1577 2213 bella.
1597 2182 1701 2214 Scri-

976 2238 1084 2275 ptura
1103 2242 1212 2276 yar-r.
1234 2235 1351 2267 verba
1380 2227 1454 2268 non
1477 2239 1550 2268 tam
1572 2237 1702 2270 distin-

978 2293 1037 2323 cte
1060 2293 1164 2323 notat
1187 2292 1436 2324 contentiones
1451 2294 1488 2323 et
1502 2292 1702 2324 certamina

977 2347 1060 2379 fori.
1106 2347 1175 2388 IV,
1200 2346 1257 2388 10,
1281 2347 1334 2379 18.

1042 2409 1148 2438 Fortia
1164 2409 1285 2438 verbosi
1303 2413 1390 2438 natus
1407 2411 1447 2438 ud
1464 2419 1547 2439 arma
1566 2411 1636 2439 fori.

974 2470 1030 2502 Ac
1054 2467 1242 2501 verbosi
1262 2469 1428 2509 garrula
1449 2469 1611 2501 verba!

1022 2521 1191 2555 Ceterum
1213 2523 1300 2555 nihil
1322 2524 1545 2564 frequentius
1561 2525 1597 2558 in
1616 2534 1701 2559 ser-

974 2586 1078 2610 mone
1099 2579 1356 2620 Romanorum,
1379 2580 1578 2612 bellicosae
1603 2582 1700 2614 illius

973 2633 1107 2674 gentis,
1131 2641 1233 2674 quam
1255 2633 1293 2664 in
1316 2627 1487 2668 oratoriis
1513 2637 1701 2670 laboribus

975 2696 1159 2729 operaque
1170 2689 1308 2721 forensi
1330 2692 1564 2731 metaphorae
1582 2695 1619 2724 et
1630 2701 1699 2724 vo-

976 2744 1106 2776 cabula
1138 2753 1162 2777 a
1186 2753 1229 2777 re
1257 2745 1390 2779 bellica
1416 2749 1544 2779 sumta.
1601 2747 1699 2779 Fast.

976 2799 1044 2841 Π,
1068 2800 1142 2832 185.

1040 2852 1137 2881 scena
1154 2857 1251 2888 sonat,
1269 2855 1391 2890 ludique
1412 2858 1537 2889 vocant3
1564 2857 1700 2890 spectate

1368 2899 1512 2931 Quirites,

1345 2946 1436 2986 21*
