1846 3146
189 161 293 212 218

432 163 491 214 Ρ.
527 163 751 217 OVIDII
785 167 1104 222 NASONIS
1139 173 1482 228 TRISTIUM

186 283 247 333 In
280 283 453 350 quibus
485 286 686 339 assidue
719 290 882 341 cultus
913 293 1142 359 procedit
1174 295 1384 360 adulter,
1415 325 1417 329 .

252 366 519 435 Verbaque
553 369 640 420 dat
671 373 824 423 stulto
858 375 1044 447 callida
1075 382 1225 446 nupta
1239 405 1244 409 -
1258 380 1404 430 viro?

1621 385 1720 449 500

184 450 386 500 Nubilis
419 451 546 503 haec
578 456 727 521 virgo
759 462 1072 525 matronaque
1103 463 1281 528 virque
1311 479 1529 531 puerque

249 532 472 601 Spectat,
508 540 560 586 et
592 552 622 587 e
654 555 830 604 magna
861 548 1002 608 parte
1034 550 1233 595 senatus
1267 546 1423 597 adest.

181 616 296 667 Nec
330 619 450 667 satis
483 620 687 671 incestis
721 627 949 675 temerari
981 628 1192 678 vocibus
1226 645 1394 693 aures,

252 700 575 753 Adsuescunt
609 705 742 755 oculi
775 708 926 757 multa
957 709 1188 777 pudenda
1220 715 1344 779 pati3
1377 746 1381 751 -
1588 762 1591 765 .

180 782 401 851 Cumque
434 785 621 837 fefellit
653 806 818 840 amans
850 791 1015 858 aliqua
1047 797 1271 845 novitate
1299 798 1535 861 maritum,
1616 800 1715 850 505

242 867 504 925 plauditur
534 875 587 920 et
618 888 794 938 magno
827 875 989 941 palma
1020 876 1197 928 favore
1232 878 1387 930 datur.

219 1035 298 1069 499.
333 1034 487 1079 Cultus,
522 1040 687 1073 comtus:
713 1041 760 1074 ad
786 1049 912 1077 curam

173 1092 212 1123 ct
236 1092 372 1126 cultum
384 1093 551 1135 corporis
565 1096 814 1140 referendum,
839 1107 910 1139 quo

172 1147 342 1180 feminam
351 1149 505 1182 allicere
513 1151 550 1182 et
556 1158 795 1194 corrumpere
804 1155 911 1187 adul—

172 1203 232 1234 ter
242 1204 374 1235 studet.
420 1205 510 1237 Met.
522 1206 587 1248 lx,
599 1206 676 1239 462.
709 1209 847 1244 Eodem
858 1211 912 1243 si-

170 1258 345 1299 gnificatu
366 1259 455 1292 Hor.
480 1261 544 1294 Od.
562 1262 630 1304 m,
653 1263 712 1306 24,
742 1265 798 1298 20.
823 1267 912 1300 dicit

167 1311 312 1346 nitidus
334 1314 504 1348 adulter.
532 1332 578 1340 —
608 1318 709 1351 Leid.
729 1323 908 1360 praeced.

215 1403 294 1435 500.
333 1402 533 1446 Verbaque
555 1404 635 1446 dat,
660 1406 809 1451 decipit,
832 1410 907 1443 fal-

167 1457 224 1490 lit.
270 1458 354 1491 Vid.
378 1460 424 1492 ad
448 1470 484 1493 v.
510 1459 585 1494 138.
619 1477 666 1486 —-
692 1463 838 1497 Pirckh.
870 1468 909 1499 et

166 1512 261 1544 alius
284 1513 410 1547 Heius.
432 1517 470 1548 et
499 1517 716 1554 edrBonon.
740 1520 908 1571 qualibet

166 1568 255 1600 arte
275 1567 388 1612 viro.;
521 1570 523 1572 ’
763 1573 770 1579 ’

210 1655 288 1690 501.
321 1656 438 1691 Haec.
495 1660 619 1696 Heius.
642 1670 663 1695 e
685 1665 785 1699 Leid.
810 1668 848 1699 et
869 1668 906 1699 Π

164 1711 246 1745 aliis
276 1715 419 1756 recepit
446 1714 536 1759 hos,
581 1727 634 1751 sc.
670 1719 805 1752 mimos
849 1722 904 1760 [v.

163 1767 262 1807 497.)
269 1791 285 1812 ,
322 1771 419 1811 quod
449 1771 557 1805 etiam
586 1774 696 1818 sega,
724 1777 833 1814 Rern,
865 1778 904 1809 et

164 1823 286 1856 Berol.
315 1825 460 1858 habent.
496 1844 537 1849 ——
567 1829 716 1873 Guelf.,
752 1832 903 1874 Franc„

163 1879 284 1922 Serv„
318 1881 464 1914 Pirckh.
488 1882 569 1915 hoc.
623 1886 776 1930 Bersm.,
804 1888 902 1930 Bel„

163 1933 272 1967 Crev.
295 1933 399 1967 haec.
452 1937 552 1970 vett.
588 1940 668 1972 edd.
697 1940 770 1973 hic.
821 1944 902 1975 Put.

162 1988 273 2021 hunc.
320 1990 560 2025 scribendum
577 1995 784 2034 putavimus
795 1995 899 2038 haec,

162 2044 279 2077 donec
302 2047 407 2079 codd.
430 2050 640 2082 accuratius
665 2050 792 2083 collati
815 2052 898 2083 fue-

161 2100 253 2133 rint:
276 2109 359 2134 nam
381 2104 568 2146 scriptura
590 2105 658 2138 hos
679 2107 792 2139 facile
815 2109 898 2140 orta

160 2164 242 2189 esse
265 2160 388 2198 potest
415 2167 437 2192 e
467 2161 571 2194 nimis
601 2161 711 2195 anxio
742 2163 896 2195 concin-

159 2211 282 2244 nitatis
306 2215 446 2257 studi03
472 2219 510 2249 et
533 2217 751 2260 elegantius,
775 2220 814 2250 ut
828 2219 898 2251 mi-

158 2267 196 2300 hi
230 2269 370 2309 quidem
404 2272 576 2315 videtur,
620 2274 742 2315 turpia
764 2274 831 2306 illa
854 2283 899 2306 o-⁴

158 2325 269 2367 mnia,
293 2333 385 2366 quae
408 2327 525 2360 tribus
546 2329 715 2362 versibus
738 2338 898 2371 praece-

159 2381 325 2412 dentibus
348 2383 530 2425 narravit,
545 2384 667 2424 potius
695 2384 898 2426 respiciens

156 2437 271 2477 poeta
296 2437 382 2470 dicit
403 2437 518 2477 haec,·
552 2446 766 2480 quamquam
789 2440 897 2472 etiam

155 2491 194 2523 in
208 2493 430 2538 contrariam
442 2494 583 2534 partem
596 2493 774 2534 disputari
791 2490 897 2535 posse

157 2556 232 2580 non
255 2549 408 2591 ignoro,
439 2551 480 2581 ut
507 2549 545 2582 in
574 2549 739 2582 omnibus
769 2549 896 2591 rebus,

157 2611 250 2644 quae
272 2612 384 2637 sensu
406 2605 520 2646 magis
544 2613 650 2646 quam
667 2605 812 2637 ratione
835 2607 896 2637 at-

157 2665 226 2699 que
249 2661 473 2700 argumentis
496 2662 760 2702 percipiuntur.

204 2724 560 2770 Viryo—-puerque,
607 2727 713 2762 cont.
731 2729 780 2770 11,
804 2729 835 2761 6.
851 2746 891 2752 -

155 2781 232 2814 Pal.
256 2781 286 2814 1.
309 2780 445 2823 virque
464 2783 663 2824 paterque.

197 2860 273 2892 502.
307 2858 383 2892 Ex.
431 2859 597 2893 Heinsius
620 2868 642 2893 e
665 2861 761 2894 Busl.
786 2863 824 2894 et
841 2863 893 2894 111

978 1044 1061 1077 aliis
1090 1045 1232 1087 recepit
1264 1055 1303 1088 e,
1336 1046 1416 1080 sine
1445 1047 1543 1082 iusta
1573 1056 1715 1082 caussa.

978 1101 1024 1134 V.
1048 1100 1125 1134 503.
1159 1102 1245 1144 Seg.
1269 1111 1357 1135 non.

1021 1179 1097 1212 504.
1132 1180 1211 1213 Pol.
1243 1179 1274 1212 1.
1304 1182 1342 1214 et
1370 1181 1424 1224 2.,
1454 1182 1556 1223 Put.,
1591 1182 1715 1225 Serv„

977 1234 1110 1266 Franc.
1150 1237 1187 1267 et
1226 1236 1280 1267 111
1313 1236 1377 1268 alii
1417 1238 1538 1270 Heius.
1575 1236 1714 1271 'oculis-L

977 1290 1061 1323 Vid.
1084 1291 1151 1333 111,
1174 1291 1210 1333 3,
1233 1291 1265 1323 7,
1310 1292 1417 1325 serv.
1439 1291 1615 1325 videnda.

1019 1369 1096 1400 505.
1130 1366 1270 1410 Aliqua
1299 1367 1487 1412 novitate,
1518 1378 1617 1403 nova
1636 1347 1713 1421 *ali-A

975 1431 1046 1463 qua
1067 1424 1198 1456 fraude
1221 1425 1283 1457 vel
1307 1426 1406 1459 dolo.

1017 1488 1095 1533 506.
1139 1501 1279 1534 Palma
1330 1504 1451 1537 datur
1496 1507 1710 1548 metaphora.

971 1559 1092 1590 sumta
1113 1566 1136 1590 a
1159 1560 1357 1592 certamine
1379 1568 1426 1593 ac
1447 1568 1581 1604 pugna.
1615 1563 1710 1596 Nam

971 1612 1094 1653 palma
1116 1615 1212 1655 apud
1234 1614 1418 1648 Romanos
1440 1626 1509 1659 pro
1533 1618 1638 1659 signo
1661 1626 1708 1650 ac

970 1669 1133 1709 praemio
1156 1670 1326 1715 victoris,
1347 1672 1552 1713 translato,
1575 1675 1616 1705 ut
1638 1680 1708 1704 au-

972 1726 1055 1757 ctor
1077 1727 1133 1758 est
1155 1726 1236 1759 Liv.
1259 1727 1303 1759 X.
1327 1736 1359 1761 c.
1393 1728 1462 1771 422,
1497 1736 1517 1760 e
1540 1727 1708 1761 Graecia

971 1787 1088 1812 more.
1139 1782 1240 1814 Fast.
1269 1782 1322 1826 V,
1356 1783 1431 1817 189.
1454 1784 1491 1816 in
1514 1785 1639 1817 eadem
1662 1791 1707 1816 re

969 1836 1103 1878 palma
1125 1836 1304 1869 clamata.
1348 1838 1436 1872 vid,
1455 1841 1523 1882 IV,
1545 1840 1583 1883 8,
1606 1839 1660 1873 19.

1015 1913 1092 1946 507.
1127 1914 1240 1948 codd.
1264 1916 1302 1948 et
1324 1917 1415 1949 vett.
1438 1917 1519 1950 edd.

1039 1989 1187 2025 Quodque
1206 1990 1305 2019 minus
1321 1990 1458 2026 prodest,
1475 1998 1575 2026 poena
1591 1995 1640 2021 cst
1655 1992 1706 2021 lu-

1366 2041 1455 2063 crosa
1475 2039 1596 2070 poetae.

966 2101 1035 2134 nisi
1065 2105 1160 2144 quod
1190 2106 1245 2136 ΠΙ
1274 2104 1426 2148 Heius„
1456 2106 1616 2140 eiusdem
1647 2108 1703 2140 ed.

964 2164 1021 2197 pr.
1046 2158 1083 2190 et
1106 2159 1227 2192 Berol.
1253 2157 1308 2198 (Ρ)
1339 2167 1505 2202 quoque,
1539 2162 1637 2194 Busl.
1667 2164 1706 2196 et

966 2212 1002 2243 11
1024 2212 1085 2244 alii
1108 2214 1230 2247 Heius.
1255 2217 1293 2247 et
1310 2216 1390 2248 Bel.
1409 2224 1587 2259 quaeque,
1610 2226 1704 2251 unus

965 2267 1084 2309 mayis
1105 2269 1230 2311 prod„
1253 2279 1347 2303 unus
1366 2271 1499 2304 Medic.
1521 2272 1645 2306 mimis
1667 2275 1705 2307 et

965 2324 1041 2355 lun.
1052 2324 1169 2365 plena
1180 2326 1247 2368 est,
1272 2335 1362 2367 quae
1382 2327 1588 2368 scripturae
1601 2337 1703 2362 com-

964 2381 1107 2413 modum
1131 2389 1275 2413 sensum
1305 2391 1378 2414 non
1399 2383 1542 2425 habent.
1587 2384 1704 2426 Igitur

965 2435 1186 2468 coniecturis
1207 2437 1339 2469 iuvare
1362 2438 1483 2471 locum
1499 2439 1597 2472 docti
1620 2441 1701 2472 ten-

962 2492 1097 2523 tarunt.
1148 2492 1189 2524 D.
1214 2492 1384 2526 Heinsius
1408 2494 1584 2528 coniecit:

1030 2566 1157 2602 Quoque
1175 2566 1273 2595 minus
1291 2568 1428 2603 prodest,
1445 2574 1544 2604 paene
1564 2569 1612 2596 est
1628 2553 1651 2596 l.
1669 2575 1700 2603 p.

961 2635 1096 2677 Tanaq.
1119 2636 1257 2669 Faber:

1028 2710 1172 2746 Quaeque
1197 2709 1270 2738 mihi
1295 2718 1413 2746 poenae
1441 2714 1506 2746 est,
1540 2710 1625 2739 fraus
1652 2713 1700 2740 est
1770 2726 1784 2737 .

1355 2757 1479 2785 lucrosa
1495 2757 1614 2791 poetae.

958 2794 985 2825 1.
1009 2793 1072 2826 Fr.
1097 2793 1276 2825 Gronov-t

1028 2868 1112 2902 Quae
1130 2867 1228 2896 mimis
1247 2867 1382 2903 prodest,
1400 2874 1492 2896 scena
1510 2868 1557 2894 est
1575 2866 1595 2894 1.
1615 2874 1645 2902 p.

1820 2657 1839 2687 δ”
1831 2609 1846 2626 ς’
1836 2568 1846 2598 ¹1.
1831 2141 1846 2554 imQfflssimu-m*
1839 2092 1846 2127 L...
1842 2064 1846 2078 ..
