1846 3146
138 155 239 206 150

380 153 437 205 P.
473 152 697 232 ovmn
730 149 1046 203 NASONIS
1070 109 1426 201 'TR1sTmM

139 276 227 327 Me
259 276 498 336 miserm,
533 277 686 342 potui,
721 276 767 324 si
799 289 898 323 non
931 277 1150 324 extrema
1182 274 1435 333 nocerent,

207 359 401 409 Iudicio
433 363 565 409 tutus
598 374 697 408 non
729 357 885 407 semel
916 371 1030 406 esse
1060 362 1161 406 tue.

141 443 326 494 Ultima
358 458 435 493 me
466 436 692 510 perdunt,
727 442 919 506 imoque
952 440 1042 490 sub
1076 426 1292 504 aequore
1323 440 1500 503 mergit

210 526 507 576 Incolumem
539 526 687 575 toties
719 541 816 574 una
849 523 1073 591 procella
1103 527 1270 572 ratem.

1566 506 1713 570 100s

141 609 255 659 Nec
288 609 403 658 mihi
434 626 549 676 pars
582 610 750 658 nocuit
783 607 847 657 de
881 608 1076 672 gurgite
1109 621 1282 672 parva,
1317 603 1410 654 sed
1442 618 1611 653 omnes
1662 636 1665 639 Δ

206 693 446 742 Pressere
478 690 574 740 hoc
607 691 784 741 fluctus
819 689 1142 754 Oceanusque
1176 692 1336 753 caput.

143 773 248 826 Cur
281 773 468 840 aliquid
501 772 648 823 vidi?
683 789 770 840 cur
803 775 954 823 noxia
985 772 1166 820 lumina
1198 769 1338 820 feci?

209 855 318 909 C'ur
348 856 641 925 imprudenti
675 858 874 922 cognita
907 855 1055 922 culpa
1085 852 1201 903 mihi
1231 850 1347 902 est?

144 1001 294 1027 caussas
316 981 481 1033 privatas
510 989 613 1031 quasi
634 998 703 1032 pro
726 989 874 1023 arbitris

145 1048 475 1088 constituebantur5
510 1054 662 1087 quorum
689 1046 823 1079 iudicia
852 1053 876 1078 a

143 1107 319 1147 praetore
346 1104 431 1135 rata
463 1103 690 1136 habebantur
723 1103 761 1134 et
785 1109 876 1134 con-

145 1161 392 1194 firmabantur.
447 1158 532 1191 Vid.
560 1160 603 1191 A.
633 1157 729 1190 Gen.
758 1157 801 1189 N.
833 1158 876 1190 A.

143 1216 240 1248 XIV.
265 1222 296 1248 c.
319 1215 351 1247 2.
375 1215 413 1246 et
435 1213 533 1246 conf.
556 1212 633 1246 cic.
657 1214 702 1245 de
725 1213 826 1247 Orat.
847 1214 875 1245 1.

145 1279 178 1304 c.
202 1270 257 1303 38.

190 1338 245 1369 96.
284 1333 405 1367 Victa.
455 1333 631 1367 Vincitur
651 1341 760 1375 parS,
785 1340 877 1375 quae

146 1400 277 1425 caussa
307 1390 414 1423 cadit.
487 1390 570 1423 Vid.
598 1392 675 1422 not.
708 1390 755 1421 ad
790 1389 877 1421 Her.

145 1449 246 1490 XVI,
269 1448 323 1480 76.
346 1462 378 1467 —
412 1446 509 1487 Put„
530 1445 626 1477 Busl.
648 1453 717 1486 pro
739 1452 878 1486 v.scr.,

145 1502 216 1534 vn
238 1500 301 1533 alii
323 1500 459 1542 Heius„
482 1501 620 1532 Bersm.
641 1501 679 1531 et
691 1501 780 1533 vett.
797 1499 878 1531 edd.

144 1556 258 1589 iusta.
302 1557 387 1589 Vat.
409 1556 440 1588 1.
451 1554 592 1587 iuncta.
637 1552 880 1587 Pirckh.vin-

147 1613 223 1646 cta.
268 1612 366 1645 Busl.
400 1619 422 1643 a
453 1611 484 1644 1.
519 1619 564 1643 m.
593 1614 631 1643 et
653 1609 755 1643 Leid.
773 1608 882 1651 falsa

147 1668 214 1701 est.
259 1669 337 1700 Iun.
359 1667 491 1706 plura.
537 1667 591 1698 VI
612 1665 732 1698 Heius.
747 1666 783 1696 et
800 1663 880 1696 Bel.

147 1724 273 1766 «liqna.
317 1723 451 1756 Franc.
474 1722 592 1763 deque
611 1728 696 1752 mea
717 1719 883 1752 adversa

146 1788 242 1824 pars
266 1785 408 1822 quoque
427 1776 538 1819 fassa
556 1774 633 1818 fide
659 1775 725 1808 est.
749 1793 793 1799 -

191 1857 246 1889 97.
281 1854 346 1887 Με
367 1852 568 1885 miserum!
589 1853 751 1885 Narrata
770 1858 882 1893 supe-

151 1906 250 1943 riore
272 1909 350 1942 vita
372 1910 409 1943 et
421 1908 635 1950 honoribus,
650 1908 775 1948 quibus
793 1915 882 1947 per-

154 1966 300 1999 functus
336 1964 405 2006 sit,
442 1963 623 1995 exclamat
673 1970 731 1994 me
769 1958 883 1993 mise·-

151 2022 259 2054 rum!
282 2037 322 2043 -—
345 2018 470 2059 Potui,
483 2018 667 2062 ubi=etiam
677 2016 882 2059 potuissem

149 2076 235 2117 poni
268 2076 425 2115 poterat.
491 2072 711 2116 Quamquam
747 2071 882 2113 differt,

150 2133 270 2163 utrum
289 2129 504 2162 indicativus
522 2131 694 2170 ponatur,
717 2135 765 2159 an
788 2126 883 2158 coni.

151 2186 315 2228 Simplex
361 2185 455 2219 enim
501 2185 628 2217 modus
664 2183 730 2216 ille
769 2189 884 2213 even-

150 2247 226 2277 tum
255 2241 436 2284 significat
471 2247 563 2273 vero
601 2238 804 2279 proximum
847 2238 885 2268 et

150 2299 221 2331 iam
245 2296 497 2338 certissimum,
520 2294 589 2327 nisi
611 2302 659 2326 ex
676 2291 884 2325 conditione

151 2357 250 2387 esset
268 2355 385 2394 aptus.
430 2352 597 2385 Alterum
613 2348 738 2389 paullo
760 2347 886 2379 incer-

153 2411 223 2443 tius
249 2410 383 2441 dictum
407 2408 472 2441 est.
525 2405 629 2440 eonf.
653 2406 684 2446 1,
708 2403 743 2443 9,
766 2402 820 2434 28.
848 2403 886 2435 et

151 2467 222 2501 vid.
246 2466 362 2499 Beier.
385 2465 431 2495 ad
457 2463 532 2497 Cic.
555 2460 623 2495 Off.
649 2461 694 2491 11.
720 2458 751 2489 1.
775 2458 807 2488 2.

196 2543 250 2576 98.
286 2541 376 2574 Non
419 2540 557 2581 semel,
621 2539 658 2569 te
719 2532 884 2566 censoris

152 2605 301 2633 munere
335 2598 530 2639 fungente,
566 2595 631 2626 sed
667 2592 812 2632 saepius
847 2592 887 2624 et

151 2661 308 2694 semper.
350 2652 459 2685 Goth.
482 2647 622 2683 indicio
630 2647 711 2680 Rel.
725 2649 763 2681 et
778 2648 886 2680 Bern.

151 2716 244 2742 meo,

196 2784 252 2816 99.
284 2781 359 2814 Pal.
390 2783 421 2813 1.
430 2803 444 2824 ,
477 2780 598 2814 Heius.
634 2780 688 2811 ed.
713 2787 769 2819 pr.
793 2779 831 2811 et
855 2777 888 2808 11

155 2838 313 2873 eiusdem
339 2837 442 2870 codd.
465 2834 505 2869 in
525 2833 687 2876 yuryite.
711 2850 755 2858 —
771 2834 889 2866 Porro

942 988 1056 1030 BusL,
1079 988 1215 1019 Bersm.
1238 986 1276 1017 et
1298 985 1354 1017 ed.
1375 985 1512 1016 Bonon.
1528 982 1672 1016 mersit.

943 1045 1048 1077 Serv.
1072 1045 1109 1075 et
1132 1043 1211 1074 Iun.
1233 1039 1419 1082 merqunt.

988 1130 1063 1163 100.
1117 1129 1210 1162 Una.
1275 1129 1375 1161 vett.
1412 1127 1492 1158 edd.
1526 1127 1676 1167 praeter

944 1188 1082 1220 Bonon.
1110 1186 1199 1219 ima.
1224 1201 1267 1207 —
1299 1183 1346 1230 V.
1370 1181 1446 1215 101.
1478 1181 1579 1215 Leid.
1608 1188 1677 1212 nec

944 1249 1101 1283 quoqne.

989 1318 1064 1351 102.
1098 1318 1185 1351 vat.
1209 1318 1240 1351 1.
1272 1320 1309 1351 et
1340 1316 1448 1350 Crev.
1477 1319 1678 1346 oceanum-

945 1382 1025 1416 que.

990 1451 1066 1483 103.
1100 1447 1180 1481 Cur
1201 1445 1345 1489 aliquid
1374 1444 1464 1478 vidi.
1510 1443 1679 1476 Alterum

947 1508 1097 1548 crimen,
1120 1506 1269 1545 praeter
1292 1503 1434 1542 Artem,
1457 1498 1680 1540 incognitum

945 1562 1036 1594 illud
1068 1558 1196 1599 tangit.
1246 1558 1329 1590 Vid.
1358 1558 1405 1589 ad
1433 1556 1471 1597 1,
1495 1555 1538 1595 2,
1562 1553 1617 1584 99.
1642 1553 1681 1583 et

947 1617 1013 1658 ΠΙ,
1037 1618 1074 1656 5,
1094 1614 1149 1647 49.

990 1691 1111 1724 Berol.
1134 1690 1203 1722 heu
1224 1686 1315 1721 mihi
1339 1696 1409 1720 cur
1430 1685 1534 1725 vidi,-
1565 1685 1604 1717 et
1625 1682 1681 1716 sic

948 1747 1057 1780 etiam
1078 1746 1192 1788 gloss.
1224 1743 1361 1777 codicis
1383 1742 1570 1775 Zwiccav.
1595 1741 1632 1771 et
1654 1738 1682 1771 1.

949 1801 1085 1836 sarisb.
1108 1800 1244 1833 Policr.
1274 1799 1337 1830 ΠΙ.
1367 1806 1399 1830 c.
1430 1797 1482 1829 12.
1514 1797 1552 1827 et
1573 1794 1681 1827 Vino.

948 1858 1089 1893 Bellov.
1130 1856 1237 1897 Spec.
1276 1854 1358 1886 hist.
1402 1853 1484 1886 V11.
1530 1859 1562 1883 c.
1605 1849 1680 1882 119.

948 1913 1048 1947 Leid.
1084 1920 1153 1951 pro
1188 1920 1224 1942 v.
1254 1918 1328 1942 scr.
1369 1907 1440 1946 heu
1472 1904 1563 1937 milui
1595 1902 1686 1946 quid

948 1967 1037 1999 vidi.

951 2020 1096 2054 lumina
1115 2018 1221 2062 fleaei.

993 2109 1069 2142 104.
1113 2106 1274 2149 (loquitu
1319 2105 1435 2144 culpa
1477 2103 1567 2136 milei
1611 2105 1678 2136 est.

949 2166 1071 2207 Vulgo
1094 2163 1196 2205 mihi,
1219 2162 1351 2195 omisso
1363 2160 1479 2194 verbo
1503 2160 1569 2192 est.
1611 2161 1686 2192 Sed

950 2220 1040 2253 mihi
1069 2221 1126 2252 est
1153 2219 1323 2251 exhibent
1355 2217 1484 2248 Dresd.
1498 2238 1514 2259 ,
1559 2218 1684 2257 Bern.,

951 2277 1046 2318 Bel„
1069 2276 1145 2310 Pal.
1169 2273 1472 2316 1.,nusl.,xx1v
1488 2272 1551 2304 alii
1564 2271 1686 2303 Heius.

952 2335 989 2364 et
1012 2333 1101 2364 vett.
1121 2328 1382 2362 edd.—-Berol.
1403 2327 1461 2359 est
1482 2325 1634 2367 coquita
1655 2333 1687 2357 c.

951 2382 1374 2426 mihi.—Imprudenti,
1397 2390 1470 2415 non
1494 2382 1578 2413 data
1593 2387 1686 2420 ope-

951 2450 1009 2483 ra,
1022 2441 1084 2475 sed
1098 2447 1186 2471 casu
1201 2443 1237 2471 et
1249 2445 1397 2479 errore,
1408 2440 1448 2470 ut
1461 2439 1517 2469 est
1527 2438 1559 2478 1,
1571 2436 1606 2477 2,
1630 2434 1685 2466 99.

952 2496 1059 2530 Conf.
1092 2495 1159 2536 111,
1187 2496 1223 2536 5,
1253 2495 1307 2527 49.
1360 2491 1521 2532 Culpam
1544 2497 1684 2537 coqne-

950 2560 1070 2592 scere,
1094 2552 1151 2582 est
1173 2551 1194 2582 i.
1218 2559 1251 2591 q.
1274 2546 1448 2590 reperire
1472 2546 1550 2584 (vid
1565 2556 1600 2577 v.
1616 2544 1687 2581 12.)

951 2608 1013 2640 vel
1043 2606 1209 2645 trahere.
1278 2606 1368 2637 Nam
1397 2609 1589 2644 perperam
1623 2599 1687 2631 alii

951 2663 1253 2703 interpretantur,
1276 2659 1417 2699 culpam
1438 2664 1518 2688 eum
1545 2663 1686 2696 cogno-

953 2719 1072 2759 visse,
1103 2717 1198 2758 quod
1229 2723 1302 2747 non
1334 2715 1411 2754 ipse
1440 2710 1584 2751 culpam
1617 2710 1685 2740 ad-

955 2774 1130 2814 misisset,
1151 2772 1215 2803 sed
1238 2770 1347 2802 aliam
1365 2766 1611 2799 admittentem
1626 2764 1684 2796 vi-

957 2829 1087 2868 dissem
1123 2833 1239 2868 neque
1269 2825 1359 2858 illud
1392 2822 1509 2856 simile
1541 2831 1576 2854 v.
1609 2821 1685 2853 105.

1081 1968 1214 1999 Franc.
1242 1973 1332 1997 now.
1356 1961 1542 1996 carmina.
1587 1962 1684 1993 Mor.
1747 2003 1750 2006 Ι
