1846 3146
206 191 298 224 xvl
738 220 740 222 .
770 175 1188 227 PRAEFATIO.

203 296 333 363 ptum
367 298 416 344 in
450 311 511 345 eo
546 297 753 361 legitur}
798 288 973 348 collati
1004 306 1126 348 suut
1156 300 1209 347 lii
1253 299 1301 347 V
1328 299 1446 348 libri
1482 295 1730 348 Tri-stium

204 396 316 428 cum
365 379 555 428 duobus
605 397 757 430 mauu
807 384 1017 447 scriptis
1074 382 1396 430 bibliothecae
1440 381 1731 431 Palatinae.

216 462 311 511 Ubi
341 463 636 527 simpliciter
667 467 777 513 siue
810 467 921 515 ulla
953 471 1075 514 uota
1109 466 1256 514 lectio
1291 471 1369 514 est
1399 470 1626 530 enotata,
1671 480 1733 514 ea

207 551 287 595 est
333 562 401 595 ea·
442 545 620 610 Mspto
664 548 1062 606 membranaceo,
1124 564 1266 613 quem
1309 549 1525 596 contulit
1568 547 1762 606 Ianus⁴

207 627 507 677 Gebliardus
540 645 672 677 auuo
707 631 862 679 1613.
941 630 1035 679 Ubi
1080 646 1198 679 vero
1234 630 1463 679 additum
1497 630 1538 679 2
1571 630 1635 688 d„
1672 628 1733 679 ea

205 718 285 760 est
315 712 460 760 lectio
494 728 646 761 mauu
678 715 860 777 scripti
877 713 1145 772 chartacei,
1181 729 1323 779 quem
1340 710 1557 762 contulit
1572 712 1734 762 Ianus

207 794 464 844 Gruterus
498 811 630 843 [curio
664 796 824 844 1595.
892 796 1127 844 Heinsius
1162 793 1375 845 Palatini
1410 791 1547 862 primi
1582 810 1730 861 prae-

203 880 426 926 stantiam
460 880 741 942 ignorassse
758 877 957 927 videtur
975 881 1153 943 'itaque
1171 894 1372 944 perraro
1397 878 1623 927 laudavit
1639 895 1731 927 no-

204 963 329 1014 mine
363 961 575 1010 Palatini
611 961 827 1010 secundi.
891 961 983 1023 41]
1020 959 1452 1020 Patavinus‚'ra1·0
1489 960 1730 1010 laudatus.

204 1043 429 1105 42—43)
464 1043 715 1110 Excerpta
747 1044 935 1109 Angeli
971 1044 1231 1104 Pontiani,
1278 1044 1342 1093 de
1385 1043 1558 1109 quibus
1591 1044 1731 1092 Mer-

203 1127 369 1175 kelius
402 1125 580 1175 refert:
616 1143 712 1175 non
746 1127 807 1175 ab
843 1129 949 1176 eius
984 1145 1138 1188 manu,
1174 1130 1269 1188 ista
1317 1129 1442 1175 enim
1476 1131 1735 1176 servantur

203 1209 490 1258 Florentiae
507 1211 557 1256 in
575 1209 873 1259 bibliotheca
891 1211 1140 1260 Marciana
1165 1211 1604 1268 Dominieanorum‚
1639 1209 1732 1258 ho-

204 1291 285 1340 die
320 1294 492 1358 opinor
524 1294 572 1340 in
607 1293 838 1342 Medicea
873 1291 1008 1354 [cfr.
1053 1293 1253 1360 Syllog.
1299 1293 1456 1359 Epist.
1491 1293 1580 1340 III.
1615 1292 1730 1352 121,

203 1374 360 1435 5610,
390 1374 482 1423 sed
499 1380 655 1424 tamen
675 1393 704 1424 a
722 1377 876 1425 tribus
896 1376 1110 1426 diversis
1134 1379 1370 1443 inspecta,
1400 1381 1452 1424 ut
1471 1377 1651 1424 certIus
1669 1374 1735 1423 de

202 1458 264 1505 iis
303 1462 535 1507 statuere·
561 1458 725 1508 liceat.
801 1460 992 1509 Primus
1037 1462 1075 1508 Ι.
1111 1459 1195 1508 Fr.
1234 1459 1517 1516 Gronovius
1562 1460 1611 1506 in
1643 1473 1734 1524 pe-

201 1542 531 1604 regrinatione
578 1543 753 1592 Italica
799 1546 911 1591 anni
953 1543 1086 1593 1640
1129 1542 1365 1609 pleraque
1407 1540 1529 1590 inde
1558 1543 1608 1588 in
1641 1557 1734 1607 pu-

202 1623 408 1687 gillares
461 1641 578 1674 suos
623 1628 981 1692 transscripsit,
1026 1627 1107 1690 qui
1150 1627 1245 1691 ipsi
1290 1629 1487 1673 exstant
1531 1626 1580 1672 in
1599 1620 1603 1622 ’
1624 1623 1734 1672 bib-

203 1706 420 1755 liotheca
461 1707 775 1757 Berolinensi
818 1711 869 1757 in
919 1706 1036 1759 bibl.
1080 1708 1224 1756 Diez.
1259 1724 1371 1756 mss.
1407 1706 1454 1755 8.
1490 1705 1603 1755 1762
1674 1707 1733 1755 -Is

130 1829 136 1837 .
201 1793 407 1838 testatur
446 1783 739 1839 Politianum
791 1790 854 1840 de
905 1791 1009 1839 illis
1056 1787 1125 1839 ita
1173 1792 1404 1856 'scriptum
1445 1788 1732 1853 reliquisse:

205 1870 411 1922 Contuli
441 1873 532 1921 lios
588 1874 636 1921 V
667 1873 914 1922 Tri-stium
961 1874 1118 1922 libros
1152 1889 1264 1922 cum
1295 1874 1511 1922 vetusti-s·
1544 1871 1736 1921 duobus

201 1956 368 2014 codd„
411 1956 503 2005 sed
532 1958 805 2004 vetustiore
847 1957 1078 2004 nonnihil
1116 1957 1280 2004 altero
1328 1972 1395 2004 ecc
1441 1955 1510 2007 D.
1556 1953 1734 2004 Marci

201 2037 509 2088 Florentiua
537 2032 845 2098 bibliotheca,
882 2054 1024 2104 quem
1058 2055 1089 2086 a
1122 2040 1297 2086 littera
1325 2038 1534 2095 iudicat,
1568 2039 1732 2086 altero

201 2137 304 2172 uon
353 2158 366 2170 .
417 2158 429 2170 .
481 2158 493 2170 .
522 2120 723 2182 'vetusto
765 2137 833 2170 ea·
865 2120 1086 2170 Medicis
1121 2121 1371 2180 libraria,
1414 2120 1550 2185 ‚quod
1580 2120 1612 2169 b
1646 2121 1734 2168 lit-

202 2211 316 2254 tera
347 2208 611 2272 siquificat.
667 2223 670 2226 ⁴
703 2205 799 2254 Ubi
842 2210 1053 2269 uterque
1099 2206 1334 2268 couyruit
1377 2195 1564 2260 codem,
1608 2203 1738 2250 uileil

201 2281 499 2353 apponimus
531 2285 678 2353 siqui.
708 2344 717 2347 ᾳ
749 2287 1025 2336 Observavi
1057 2292 1248 2344 autem,
1294 2285 1429 2351 quod
1471 2278 1631 2344 soleo,
1675 2291 1735 2334 ut

202 2371 265 2420 de
294 2388 401 2420 meo
434 2371 564 2420 uiliil
607 2371 877 2419 adiicerem
923 2376 1073 2436 atque
1119 2386 1182 2418 ue
1227 2370 1323 2418 illa
1356 2367 1553 2433 quidem
1586 2370 1733 2416 mnit-

203 2460 359 2503 terem
390 2454 658 2512 iuterdum,
693 2469 822 2519 quae
837 2452 1074 2501 mendosa
1107 2468 1217 2500 esse
1250 2451 1484 2517 liquebat.
1519 2449 1601 2497 die
1619 2448 1738 2498 XX

202 2537 330 2586 Iulii
373 2539 520 2587 1493
563 2540 618 2586 iu
664 2535 839 2584 Pauli.
876 2535 1193 2583 adiutoribus
1227 2533 1448 2584 Nicolao
1490 2523 1733 2595 Baldella

203 2626 256 2668 et
285 2620 510 2670 Roberto
529 2619 760 2668 Minucio
774 2618 1134 2682 familiaribus.
1177 2618 1408 2681 Auyelus
1423 2615 1732 2678 Politiauus·

203 2702 398 2751 Deinde
441 2703 675 2751 Heinsius
721 2704 790 2750 in—
818 2700 1071 2749 itineribus
1113 2697 1303 2748 Italicis
1349 2698 1509 2747 denuo
1552 2712 1733 2746 excus-
1773 2753 1800 2772 ι,

201 2787 278 2834 sit.
330 2786 584 2835 Postremo
604 2783 836 2849 quaedam
866 2799 929 2832 ex
963 2782 1067 2831 illis
1101 2784 1366 2846 migrarunt
1399 2783 1447 2830 in
1475 2778 1746 2828 editionem*
