1846 3146
785 4 807 39 ξ

150 167 249 218 248

392 169 450 218 P.
487 168 710 219 OVIDII
744 169 1061 222 NASONIS
1096 171 1436 224 TRISTIUM

117 278 121 284 ⁸
149 290 323 354 Aeger
357 292 407 338 in
436 293 672 356 ¹extremis
709 294 866 357 ignoti
898 293 1116 360 partibus
1150 294 1299 355 orbis,

215 373 536 438 Incertasque
567 390 704 423 meae
737 391 894 440 paene
928 376 1102 424 salutis
1133 391 1282 425 eram.

154 454 308 515 Quem
343 456 457 505 mihi
490 472 619 506 nunc
652 459 855 506 animum
889 457 998 508 dira
1030 461 1235 524 regione
1268 453 1449 510 iacenti
1644 462 1678 510 5

214 539 351 588 Inter
383 538 700 590 Sauromatas
735 530 862 588 esse
885 539 1132 606 Getasque
1165 542 1344 608 putas?

148 620 263 670 Nec
298 621 489 672 coelum
522 625 683 690 patior
715 637 809 672 nec
842 625 980 688 aquis
1011 623 1324 674 adsuevimus
1355 627 1480 687 istis,

214 703 469 771 Terraque
502 708 672 756 nescio
708 722 803 771 quo
837 721 933 755 non
967 706 1133 772 placet
1166 709 1276 773 ipsa
1308 708 1467 758 modo.

190 852 235 886 Si
255 862 349 887 casu
369 865 439 897 pro
468 855 503 890 εἰ
528 856 646 900 forte,
675 860 716 890 ut
744 860 810 901 111,
842 859 878 901 1,

147 908 200 941 1⁷.
246 909 392 943 Coniux
405 912 583 946 allocutio
601 914 717 946 omitti
739 923 762 946 a
783 914 877 956 pot}-

146 965 185 996 ta
214 967 384 1009 poterat,
416 975 495 1011 cum
529 968 606 1001 eius
635 977 766 1002 nomen
789 978 876 1003 car-

142 1019 245 1062 mini,
268 1021 400 1063 quippe
429 1023 609 1063 epistolae
632 1025 786 1058 formam
807 1026 874 1058 ha-

145 1075 259 1119 benti,
283 1079 381 1110 esset
401 1079 676 1121 praescriptum.

187 1163 221 1196 2.
253 1162 378 1206 Aeqer
410 1173 538 1208 eram,
571 1167 651 1200 scil.
681 1177 764 1201 cum
786 1170 877 1202 haec

142 1219 353 1254 scriberem.
385 1220 470 1254 Vid.
495 1223 637 1264 Zumpt.
654 1224 776 1258 eram.
793 1226 875 1258 Lat.

142 1274 178 1314 S.
207 1274 284 1309 503.

187 1352 219 1385 3.
243 1349 385 1394 Ignoti,
406 1352 606 1396 longinqui.
650 1355 727 1388 Tib.
740 1358 773 1399 Ι,
794 1358 829 1400 3,
842 1358 874 1390 3.

206 1424 257 1454 He
275 1428 359 1454 tenet
376 1426 489 1462 ignotis
507 1434 631 1463 aegrum
643 1428 793 1458 Phaeacia
810 1432 874 1459 ter-

536 1471 591 1500 ris.

142 1537 248 1582 Quod
276 1538 411 1572 Tibulli
439 1547 588 1573 carmen
616 1550 690 1574 non
711 1541 807 1575 hunc
828 1552 873 1575 u-

84 1600 93 1603 *
140 1603 225 1627 num
246 1594 368 1627 locum
392 1603 473 1628 cum
495 1595 621 1637 elegia·
632 1596 704 1630 ista
716 1598 873 1631 Nasonis

140 1650 251 1682 habet
273 1658 507 1685 communem.
551 1652 874 1696 Vid.ad1,1,128.

142 1706 277 1739 Medic.
296 1704 445 1748 finibus.

185 1797 217 1828 5.
262 1795 377 1835 Quem
421 1795 512 1828 mihi
548 1805 650 1830 nunc
695 1796 872 1830 animum.

142 1851 262 1893 Leid.‚
285 1852 407 1884 Berol.
441 1856 478 1885 et
499 1853 581 1886 Rel.
603 1848 658 1891 (22)
681 1853 874 1895 quid—a-

139 1905 243 1938 m'mt'.
288 1907 409 1950 Busl.,
438 1908 515 1940 Pal.
540 1907 594 1951 1.,
626 1909 767 1951 Guelf„
790 1909 874 1943 Vat.

141 1961 174 1994 1.
199 1970 280 1994 cum
302 1962 453 2003 reliquis
473 1964 575 1996 codd.
589 1964 752 1996 omnibus
769 1972 875 2005 quem

140 2016 232 2051 mihi
253 2025 355 2049 nunc
377 2016 553 2060 animum,
565 2022 714 2060 praeter
736 2021 814 2051 Iun.
838 2022 876 2053 et

139 2074 290 2115 Franc„
326 2072 386 2114 qui
409 2081 488 2105 cum
511 2074 566 2105 ed.
588 2083 643 2114 pr.
667 2076 704 2106 et
726 2075 875 2116 reliquis

139 2130 233 2161 vett.
257 2128 337 2160 edd.
360 2135 467 2169 quem
487 2127 577 2161 mihi
600 2129 688 2161 tunc
699 2129 873 2163 animum.

145 2184 252 2216 Tunc
284 2183 394 2216 etiam
427 2184 548 2216 Berol.
598 2184 766 2217 Heinsius
794 2186 874 2227 pri-

140 2250 236 2275 mum
260 2240 359 2273 dedit
376 2237 467 2280 quid
476 2237 592 2271 animi
615 2247 636 2272 e
659 2243 739 2273 cod.
756 2242 873 2284 Leid.,

140 2297 266 2330 allatis
290 2294 464 2336 exemplis
487 2296 575 2327 Met.
598 2296 631 2337 I,
655 2297 730 2329 358.
738 2318 753 2339 ,
787 2298 873 2329 Her.

140 2355 211 2395 xl,
241 2353 318 2393 87.,
346 2350 436 2381 Met.
458 2349 516 2391 V,
550 2350 647 2394 626„
669 2352 757 2394 vn,
781 2353 873 2395 582,

140 2408 246 2443 Caes.
270 2408 310 2439 Β.
333 2405 379 2438 G.
398 2405 482 2438 VII.
505 2413 536 2437 c.
560 2405 630 2448 77„
654 2406 749 2439 Gell.
769 2408 814 2440 N.
829 2409 872 2440 A.

140 2465 184 2497 X.
209 2472 240 2496 c.
264 2464 296 2495 3.
340 2461 423 2494 Vid.
447 2461 556 2493 etiam
579 2461 653 2495 Cic.
674 2470 742 2502 pro
754 2463 872 2494 Deiot.

140 2529 172 2552 c.
195 2521 227 2552 3.
279 2519 418 2551 Verum
441 2525 522 2549 cum
547 2525 665 2558 parva
687 2525 732 2549 ac
756 2525 872 2557 prope

142 2575 247 2608 nulla
268 2573 318 2606 sit
345 2572 450 2605 huius
476 2572 685 2614 scripturae
709 2571 874 2604 auctori-

141 2634 216 2673 tas,
241 2636 391 2670 cumque
411 2628 551 2661 locutio
567 2635 675 2670 quem
696 2625 874 2667 animum,

143 2686 285 2720 etiamsi
307 2683 538 2725 insolentior,
562 2690 635 2715 non
657 2684 776 2714 tamen
798 2690 871 2713 non

140 2743 276 2777 Latina
303 2741 374 2781 sit,
407 2746 452 2771 ac
479 2739 595 2780 Naso,
622 2738 656 2769 si
688 2737 872 2770 codicibus

140 2798 228 2829 fides
256 2795 436 2836 habenda,
469 2793 578 2826 etiam
606 2793 688 2826 aliis
718 2793 754 2825 in
777 2793 871 2825 locis

138 2851 327 2896 permultis
351 2851 403 2885 ita
414 2850 463 2884 sit
479 2850 646 2891 locutus;
670 2850 763 2882 hanc
774 2849 870 2882 scri-

943 858 1086 898 pturam
1109 858 1263 891 omnium
1276 860 1396 902 codd„
1410 860 1561 900 praeter
1583 861 1675 893 duos

941 911 1029 945 illos
1064 914 1127 945 aut
1162 914 1253 956 tres,
1287 916 1326 947 et
1352 916 1442 947 vett.
1476 915 1672 948 editionum

941 966 1129 999 revocavi.
1173 968 1269 1000 Busl.
1288 967 1434 1002 latenti.
1481 970 1586 1004 Conf.
1603 971 1674 1012 111,

942 1021 978 1063 1,
1002 1023 1056 1054 50.
1101 1022 1220 1065 Leid.,
1232 1023 1308 1056 Pal.
1326 1023 1370 1065 1.,
1387 1023 1496 1066 Gall„
1515 1023 1675 1062 Pirckh„

940 1077 976 1110 V
998 1077 1061 1109 alii
1085 1078 1271 1111 Heinsiani
1294 1081 1331 1112 et
1354 1079 1462 1113 Crev.
1486 1077 1587 1110 dura
1608 1087 1674 1110 re·
1740 1087 1743 1089 “

939 1130 1062 1173 9ἰοηε.
1106 1133 1207 1167 Vett.
1229 1134 1309 1166 edd.
1332 1133 1433 1166 dura
1453 1131 1494 1165 in
1515 1141 1592 1176 req.

986 1210 1017 1242 6.
1050 1209 1183 1243 Putas.
1249 1211 1373 1252 Leid.,
1417 1211 1516 1255 Iun.,
1561 1211 1674 1253 Gall,

943 1267 1041 1298 Mor.
1072 1269 1109 1299 et
1138 1267 1230 1300 VIII
1256 1266 1321 1299 alii
1354 1266 1499 1308 Heius,
1537 1265 1676 1307 Berol.,

940 1322 1022 1354 Rei.
1035 1323 1073 1354 et
1087 1322 1195 1356 Crev.
1205 1322 1328 1363 putes,
1341 1322 1434 1363 quod
1445 1320 1596 1362 primum
1610 1328 1676 1356 re·
1743 1365 1746 1366 ⁷

944 1376 1041 1416 cepit
1062 1377 1252 1420 Heinsius,
1285 1377 1344 1418 qui
1375 1377 1433 1409 vir
1455 1376 1580 1409 nescio
1603 1385 1675 1418 qua

941 1431 1037 1463 falsa
1060 1432 1231 1473 opinione
1254 1433 1453 1473 occupatus
1476 1431 1559 1473 plus
1583 1439 1674 1465 cen-

941 1488 1016 1518 tum
1038 1486 1132 1519 locis
1154 1487 1302 1519 inducto
1326 1486 1558 1519 coniunctivo
1582 1487 1673 1520 Ovi-

941 1542 987 1573 dii
1003 1542 1224 1583 scripturam
1236 1541 1412 1581 corrupit.
1446 1541 1602 1575 Prorsus
1621 1541 1674 1574 si-

939 1598 1043 1630 miles
1065 1598 1171 1630 locos
1194 1596 1277 1629 vide
1298 1597 1382 1629 Iler.
1406 1597 1484 1638 111,
1513 1596 1583 1638 4⁰„
1605 1598 1673 1638 xl,

939 1652 1009 1695 87.,
1040 1653 1143 1694 XVI,
1176 1653 1269 1693 305.,
1302 1651 1433 1692 XVII,
1467 1651 1542 1693 99„
1575 1652 1675 1693 XIX,

939 1706 1009 1749 41„
1042 1686 1187 1747 quibu?
1205 1706 1299 1739 1oeis
1340 1706 1502 1740 omnibus
1535 1706 1674 1740 nemsii

940 1760 1095 1794 delicias
1117 1761 1329 1803 expulimus.
1373 1761 1424 1804 V,
1447 1762 1483 1804 6,
1506 1762 1561 1794 26.
1621 1802 1625 1804 ῃ

1005 1834 1104 1871 Finge
1121 1821 1221 1864 tamen
1238 1838 1348 1864 motam
1366 1836 1534 1870 tuentem:
1554 1837 1676 1873 quoties

1243 1884 1247 1886 ’
1330 1879 1554 1915 Agamemnone
1571 1884 1674 1909 natum

1056 1914 1181 1953 Dixisse
1206 1923 1239 1957 in
1261 1923 1397 1960 Pyladen
1421 1924 1515 1952 verba
1532 1926 1676 1959 proterva

1333 1970 1423 2004 putas
1435 1969 1451 1997 ?

942 2037 976 2078 I,
998 2039 1035 2079 5,
1057 2036 1110 2069 45.
1134 2036 1204 2080 46.,
1226 2039 1299 2080 ΙΙΙ,
1326 2038 1364 2080 8,
1394 2037 1463 2079 17.,
1492 2038 1560 2081 1v,
1588 2039 1626 2082 2,
1649 2040 1672 2072 2

940 2092 1062 2134 —15.,
1089 2093 1156 2134 IV,
1191 2094 1227 2135 3,
1261 2093 1315 2125 74.
1343 2093 1414 2135 78.,
1442 2093 1511 2135 IV,
1541 2093 1578 2136 4,
1601 2094 1674 2136 64.,

939 2148 1009 2190 IV,
1029 2149 1065 2190 6,
1086 2148 1158 2190 49.,
1180 2148 1231 2192 V,
1255 2147 1285 2180 1.
1308 2149 1379 2190 80.,
1395 2148 1447 2191 V,
1470 2148 1506 2191 4,
1527 2149 1576 2192 8.,
1602 2149 1674 2194 47.,

938 2203 988 2246 V,
1012 2203 1069 2245 11,
1091 2205 1122 2235 5.
1144 2205 1193 2245 6.,
1214 2203 1264 2246 V,
1286 2204 1324 2246 8,
1347 2205 1378 2236 6.

981 2271 1036 2303 De
1057 2270 1298 2303 sauromatis
1315 2271 1448 2304 dictum
1470 2273 1527 2305 est
1548 2274 1594 2305 ad
1619 2275 1673 2316 11,

938 2326 1014 2358 198.
1075 2324 1210 2366 Getae,
1239 2333 1330 2366 gens
1363 2327 1542 2359 Thraciae
1577 2327 1676 2360 Ger-

938 2379 1092 2413 maniam
1125 2388 1255 2412 versus
1288 2381 1476 2424 habitans,
1504 2383 1672 2423 proxime

938 2435 1075 2478 Tomis,
1099 2434 1179 2478 feri
1207 2437 1246 2468 et
1273 2436 1326 2468 ad
1354 2437 1514 2470 mortem
1539 2445 1665 2479 para-

941 2490 1096 2533 tissimi,
1142 2494 1182 2525 ut
1214 2493 1326 2525 tradit
1357 2493 1459 2526 Mela
1491 2495 1539 2526 11.
1573 2501 1604 2525 c.
1639 2493 1674 2541 ξ.

939 2548 1022 2582 Vid.
1044 2548 1166 2581 Strab.
1188 2548 1272 2581 VII.
1296 2557 1331 2589 p.
1353 2549 1433 2582 204.

984 2626 1015 2658 7.
1052 2624 1200 2658 Patior.
1253 2627 1371 2663 (Unus
1399 2624 1538 2659 Heinsii
1565 2623 1674 2667 pati-

939 2682 1054 2718 mur.)
1105 2681 1264 2713 Praetuli
1293 2682 1564 2724 propter-illud
1599 2682 1675 2714 ad-

938 2734 1136 2775 suevimus.
1193 2736 1330 2768 ΒσιιΜ.
1398 2736 1490 2770 Dedi
1523 2737 1674 2778 patior,

940 2800 1020 2824 cum
1050 2791 1213 2824 omnibus
1247 2792 1349 2825 codd.
1380 2795 1418 2824 et
1450 2794 1541 2825 vett.
1572 2793 1670 2835 edd„

938 2855 1009 2890 qua
1031 2847 1246 2882 transitione
1268 2856 1292 2881 a
1315 2846 1494 2890 singulari
1516 2847 1562 2880 ad
1586 2847 1673 2889 plu-
