1846 3146
179 190 280 241 :392

422 191 479 241 Ρ.
516 191 738 243 ovmll
772 190 1088 244 NASONIS
1122 190 1466 243 TRISTRJM

181 311 417 378 Quaeque
451 316 528 363 sui
562 315 710 385 iussis
745 314 1047 381 obtemperat
1078 313 1203 364 Inda
1232 315 1452 379 magistri

246 396 442 457 Bellua‚
477 399 732 448 servitium
765 403 984 464 tempore
1017 400 1153 447 victa
1183 397 1329 448 subit.

180 478 412 546 Tempus,
447 485 501 529 ut
535 483 748 529 extentis
783 486 976 542 tumeat,
1012 481 1148 542 facit,
1184 497 1286 531 uva
1318 480 1539 541 racemiS‚
1598 547 1601 549 v

247 563 449 630 'Vixque
482 578 661 613 merum
691 566 886 632 capiant
912 580 1079 629 grana,
1099 563 1232 629 quod
1252 566 1382 612 intus
1406 551 1608 626 hebent3
1643 562 1710 613 10

180 645 396 712 Tempus
431 650 482 696 et
515 648 566 695 in
601 662 749 696 canas
782 662 948 697 semen
982 646 1210 714 producit
1250 648 1442 708 aristae,

246 729 315 780 Et
347 744 410 779 ne
443 731 542 779 sint
575 731 704 779 tristi
736 746 879 796 poma
911 745 1091 796 sapore
1124 730 1259 778 facit.

178 812 293 863 Hoe
326 817 492 862 tenuat
526 811 720 862 dentem
755 818 934 862 terram
967 812 1196 863 findentis
1230 811 1395 872 aratri,

247 896 366 947 Hoc
394 894 585 960 rigidos
620 895 806 956 siliceS‚
841 895 938 949 hoe
972 895 1228 945 adamanta
1261 897 1389 944 terit.

180 1057 234 1091 16.
257 1056 377 1098 iquue
400 1057 574 1098 interpp„
591 1056 696 1098 Virg.
719 1059 762 1091 A.
782 1059 864 1100 ΧΗ,
881 1058 912 1091 4.

176 1119 275 1152 seqq.
298 1111 387 1144 Plin,
411 1112 454 1144 N.
479 1112 527 1145 Η.
546 1112 651 1146 vm.
676 1120 707 1144 c.
732 1113 784 1144 16.
819 1112 914 1145 Pri-

178 1174 261 1198 mus
284 1167 428 1201 Romae
451 1168 578 1201 leones
593 1167 645 1199 ad
656 1175 814 1200 currum
825 1167 913 1200 iun-

178 1222 242 1254 mo't
270 1223 327 1257 M.
356 1221 542 1257 Antonius
571 1223 608 1257 et
637 1222 786 1264 quidem
810 1222 914 1256 civili

177 1277 276 1310 bello
288 1286 372 1310 cum
385 1277 604 1311 dimicatum
620 1279 718 1311 esset
731 1277 772 1311 in
783 1279 913 1311 Phar-

176 1333 309 1366 salicis
340 1333 504 1376 campis,
532 1342 608 1366 non
641 1333 721 1367 sine
750 1335 914 1376 quodam

136 1415 140 1417 .
178 1390 325 1422 ostentu
355 1389 525 1430 tempore
556 1396 760 1430 generosos
791 1390 913 1432 spiri-

178 1444 240 1477 tus
263 1443 389 1486 iuyum
410 1435 550 1485 subire,
568 1444 638 1477 illo
658 1445 836 1489 prodiqio
858 1445 913 1479 si-

175 1498 374 1542 qnificanS.
426 1500 587 1543 Pirckh„
615 1502 737 1546 Bern.,
768 1504 852 1545 Seg.
876 1505 914 1536 et

179 1557 236 1588 ed.
258 1557 397 1588 Bonon.
429 1555 600 1598 tempore
630 1565 845 1600 saevorum,
876 1559 914 1594 et

179 1612 264 1654 seg.
289 1612 480 1657 luporum,

221 1699 254 1733 7.
288 1699 392 1733 Inda
414 1699 558 1742 bellua,
588 1708 657 1743 per
685 1702 914 1744 periphrasin

177 1755 354 1797 Elephas,
383 1757 442 1797 qui
472 1756 576 1790 Inda
605 1757 731 1790 bellua
766 1758 915 1801 dicitur,

176 1810 261 1851 quia
283 1810 320 1842 in
333 1811 436 1843 India
454 1813 600 1853 plurimi
616 1815 653 1846 et
664 1813 835 1846 meliores
856 1814 916 1846 in—

175 1866 381 1899 veniuntur.
419 1869 707 1910 Elephantorum
723 1869 915 1902 servitium

175 1928 222 1957 ae
252 1922 422 1955 docilitas
452 1923 650 1956 notissima.
710 1925 794 1958 Vid.
824 1925 915 1959 Plin.

174 1977 278 2009 V111.
298 1985 329 2009 c.
346 1977 393 2020 1.,
411 1979 541 2011 Senec.
559 1979 673 2019 Epist.
688 1981 743 2013 85.
756 1996 799 2002 -
810 1980 914 2021 Virg.

176 2027 316 2073 sem-g.
349 2034 390 2075 Ι,
430 2033 483 2065 57.
515 2033 633 2067 India
662 2032 783 2066 mittit
809 2033 912 2066 ebur.
936 2066 939 2069 ,

175 2086 344 2122 Heinsius
360 2088 460 2122 >loco
491 2086 605 2122 iussis
627 2090 740 2122 edidit
760 2088 914 2120 monitis

175 2149 198 2174 e
221 2142 301 2175 Pol.
324 2141 356 2174 1.
366 2164 381 2185 ,
410 2144 488 2177 Pal.
510 2144 566 2188 2.,
595 2145 683 2177 Vat.
707 2143 755 2187 1.,
789 2143 913 2177 Comb.

176 2197 278 2236 (sive
300 2198 448 2236 Dresd.)
471 2208 507 2232 v.
530 2208 604 2232 scr.
627 2202 664 2232 et
677 2207 758 2231 amo
781 2198 913 2234 Medic.

176 2253 331 2286 Accedit
361 2254 482 2291 Guelf.
535 2256 607 2288 Sed
636 2255 828 2289 retinenda
858 2255 915 2288 est

177 2310 365 2350 scriptura
386 2308 499 2343 iussis
521 2311 631 2344 etiam
648 2312 802 2353 propter
823 2310 914 2342 illud

177 2364 416 2406 obtemperat
437 2367 475 2398 et
496 2367 651 2409 propter
672 2373 750 2398 rem
781 2365 912 2407 ipsam:

177 2422 281 2454 certe
299 2428 427 2455 sensus
446 2420 611 2455 bonitate
629 2421 738 2453 alteri
751 2420 913 2461 scriptu-

175 2485 243 2509 rae
272 2477 416 2509 minime
444 2478 551 2511 cedit.
603 2476 765 2513 Martial.
787 2475 911 2516 Epigr.

176 2533 295 2566 xvn.
318 2533 363 2565 de
386 2533 598 2574 elephante:

245 2606 311 2637 Bon
329 2605 406 2636 facit
422 2607 481 2637 hoc
497 2607 618 2640 iussus,
636 2606 782 2640 nulloque
799 2604 913 2633 docen-

575 2652 608 2678 te
625 2650 783 2684 magistro.

176 2720 224 2752 V.
249 2719 280 2753 9.
314 2720 422 2754 Goth.
446 2728 469 2752 a
492 2720 522 2752 1.
546 2728 607 2763 m.,
626 2718 788 2761 Pirckh.,
811 2721 847 2751 11
869 2725 913 2752 a·

174 2773 215 2808 lii
245 2773 391 2816 Heius„
426 2774 572 2816 Berol.,
604 2775 685 2807 Rel.
715 2777 753 2808 et
781 2783 849 2816 pro
879 2785 913 2807 v.

175 2831 306 2866 Dresd.
331 2828 508 2867 extensis.
553 2830 600 2862 V.
622 2830 675 2863 10.
699 2831 828 2863 Dresd.
843 2839 912 2872 pro

175 2894 209 2918 v.
234 2893 307 2919 scr.
332 2885 445 2928 utque
467 2891 620 2917 merum.

1025 1057 1078 1090 11.
1102 1055 1299 1090 Producit.
1327 1058 1406 1089 Put.
1417 1058 1455 1089 et
1466 1057 1502 1089 V
1513 1056 1577 1089 alii
1587 1056 1710 1089 Heius.

980 1111 1141 1145 deducit.
1193 1112 1269 1144 Pal.
1295 1112 1325 1145 1.
1332 1135 1347 1155 ,
1375 1115 1408 1146 X
1442 1112 1506 1144 alii
1526 1113 1649 1145 Heius.
1673 1115 1711 1147 et

979 1177 1046 1209 pro
1070 1177 1105 1199 v.
1127 1175 1200 1199 scr.
1223 1167 1352 1199 Dresd.
1373 1166 1562 1207 perducit.
1607 1167 1711 1200 Reli-

980 1223 1040 1265 qui
1059 1226 1096 1255 et
1112 1224 1201 1255 vett.
1215 1223 1294 1256 edd.
1304 1222 1499 1266 producit,
1514 1223 1610 1264 quod
1622 1229 1712 1255 ver·
1745 1264 1752 1269 p

980 1279 1064 1311 bum
1096 1278 1186 1310 licet
1214 1278 1317 1318 quasi
1344 1277 1385 1310 in
1416 1279 1538 1310 lucem
1572 1278 1713 1310 ducere

980 1333 1107 1366 valeat
1130 1334 1167 1364 et
1179 1333 1224 1364 de
1233 1332 1370 1364 semine
1384 1333 1611 1374 germinante
1621 1340 1712 1374 pro-

982 1388 1062 1430 prie
1085 1388 1241 1430 dicatur,
1253 1391 1375 1421 tamen
1394 1395 1470 1420 non
1492 1396 1580 1421 raro
1606 1387 1714 1420 etiam

980 1444 1090 1477 habet
1117 1444 1191 1477 vim
1219 1443 1457 1485 extendendi,
1493 1443 1532 1476 in
1564 1442 1713 1483 longum

982 1497 1145 1530 ducendi.
1198 1499 1297 1531 Unus
1327 1499 1413 1531 Vat.
1437 1501 1476 1531 et
1497 1498 1553 1530 ed.
1574 1499 1713 1531 Bonon.

980 1552 1140 1586 inc-anas
1151 1560 1309 1597 semper.
1325 1569 1369 1576 --
1380 1553 1428 1588 V.
1451 1552 1503 1586 12.
1524 1551 1626 1587 Leid.
1642 1559 1712 1586 ca-

963 1603 969 1607 ’
980 1609 1053 1644 vet.

1026 1689 1079 1721 13.
1117 1689 1281 1721 Terram
1324 1685 1529 1720 scindentis
1572 1685 1713 1719 aratri.

982 1745 1069 1777 Pal..
1093 1745 1124 1777 1.
1147 1747 1185 1777 et
1206 1746 1313 1776 Bern.
1334 1740 1524 1785 findentis.
1550 1757 1595 1764 -
1624 1741 1712 1773 Plu-

982 1800 1085 1833 rimi:
1118 1800 1231 1842 BusL,
1260 1800 1329 1833 XV
1353 1798 1417 1831 alii
1438 1796 1578 1838 Heius,
1596 1795 1714 1840 Mam,

982 1855 1120 1898 Guelf„
1132 1856 1238 1888 Goth.
1240 1877 1255 1897 ‚
1267 1851 1412 1895 Dresd.,
1423 1851 1543 1883 Berol.
1555 1852 1593 1883 et
1604 1851 1713 1885 crev.

980 1908 1195 1942 scindentis.
1239 1909 1371 1943 Medic.
1394 1908 1424 1940 1.
1432 1929 1447 1950 ,
1469 1907 1590 1949 Bai-b„
1613 1907 1713 1949 seg„

981 1966 1062 1998 Bel.
1093 1967 1131 1998 et
1158 1968 1248 1999 vett.
1282 1965 1362 1997 edd.
1397 1958 1548 2004 praetef·
1577 1963 1714 1996 Bonon.

980 2019 1226 2062 renovantis,
1272 2019 1367 2061 quod
1398 2019 1491 2051 latet
1521 2017 1558 2049 in
1587 2024 1714 2048 remo-

980 2073 1102 2106 ventis
1136 2075 1258 2117 held„
1295 2071 1513 2107 revocantis
1540 2073 1645 2105 unius
1668 2073 1714 2104 ‘et

980 2128 1168 2160 morantis
1199 2129 1293 2160 alius
1324 2128 1485 2170 Heinsii,
1524 2128 1589 2160 sed
1622 2135 1713 2168 par-

980 2191 1064 2216 vam
1109 2183 1366 2217 auctoritatem
1402 2184 1566 2216 codicum
1595 2183 1713 2216 habet.

980 2241 1107 2280 ltaque
1120 2247 1187 2272 nos
1201 2241 1360 2274 dedimus
1371 2237 1586 2273 scindentis.
1608 2239 1712 2282 Virg.

982 2296 1117 2338 Georg.
1141 2297 1173 2338 Ι,
1196 2297 1250 2328 50.
1616 2295 1619 2299 “

1046 2370 1087 2400 At
1110 2370 1195 2410 prius
1219 2370 1356 2406 ignotum
1379 2368 1462 2398 terro
1489 2377 1578 2406 quam
1596 2369 1712 2400 scindi-

1377 2421 1442 2443 mus
1460 2422 1583 2451 aequor.

980 2484 1127 2517 Merkel
1171 2484 1269 2518 dedic
1303 2483 1492 2526 findentis.
1569 2485 1655 2524 vat.
1669 2460 1711 2517 ³2¹.

976 2537 1173 2582 patientis,
1196 2548 1243 2572 ex
1264 2541 1389 2573 Amor.
1412 2542 1445 2584 1,
1468 2540 1526 2583 15,
1550 2539 1602 2574 31.

1046 2613 1129 2649 Ergo
1154 2614 1367 2649 cummsilices,
1394 2622 1461 2643 cum
1479 2615 1554 2644 dens
1569 2613 1714 2651 patientis

1379 2658 1475 2689 aratri

1096 2701 1269 2737 Depereant
1286 2711 1372 2733 aevo.

983 2772 1060 2804 Put.
1073 2794 1103 2813 „
1119 2773 1237 2822 Mor„
1267 2774 1398 2815 Serv.,
1426 2774 1460 2806 X
1488 2771 1551 2805 alii
1574 2771 1712 2814 Heius„

981 2829 1118 2870 Berol.,
1140 2829 1220 2861 Rel.
1237 2830 1274 2861 et
1286 2829 1414 2861 Dresd.
1431 2828 1572 2862 terras.
1617 2829 1712 2861 Por-

980 2892 1024 2916 ro
1047 2886 1158 2925 Mor„
1169 2884 1281 2926 Bus1.,
1298 2884 1335 2917 V
1350 2883 1412 2917 alii
1425 2884 1546 2917 Heius.
1562 2885 1600 2916 et
1621 2883 1722 2917 vett·
