1846 3146
217 198 317 248 508

459 199 516 248 Ρ.
552 199 780 251 OVIDII·
806 198 1120 252 NASONIS
1155 200 1494 252 TRISTIUM

216 319 431 368 Fallitur
464 322 559 370 iste
593 327 765 383 tamen,
802 338 897 387 quo
930 321 1093 371 iudice
1116 325 1344 372 rnominor
1378 323 1548 372 exsul:

281 401 489 452 Mollior
523 409 599 452 est
632 405 821 471 culpam
852 419 1012 471 poena
1045 410 1214 454 secuta
1246 420 1410 454 meam.

1668 406 1735 455 10

214 485 432 534 Maxima
463 502 624 552 poena
657 487 770 536 mihi
804 492 893 547 est,
929 489 1083 552 ipsum
1117 487 1398 548 offendisse,
1432 488 1662 554 priusque

281 568 534 630 Venisset,
569 570 775 630 mallem,
811 570 996 618 funeris
1029 569 1150 617 hora
1181 569 1308 617 mihi.

215 649 406 710 Quassa
439 656 598 701 tamen
631 659 797 702 nostra
830 652 922 712 est,v
954 667 1051 700 non
1068 667 1225 700 mersa
1242 649 1336 700 nee
1369 651 1542 702 obruta
1574 655 1732 714 navis,

280 733 445 798 thue
480 741 615 784 caret
647 741 807 802 portu,
842 738 916 785 sic
949 740 1107 783 tamen
1141 739 1304 783 exstat
1337 737 1490 799 aquis.

214 814 328 865 Nec
361 820 510 866 vitam
543 834 637 868 nec
670 833 790 884 opes
823 833 916 868 nec
947 820 1023 866 ius
1056 817 1170 865 mihi
1204 819 1330 866 civis
1363 816 1555 877 ademit,

1667 816 1733 866 15

281 898 418 958 Quae
451 903 602 949 merui
635 903 757 950 vitio
789 900 999 966 perdere
1034 904 1208 949 cuncta
1241 895 1374 960 me03
1425 905 1433 914 “

214 979 321 1031 Sed
357 984 468 1046 quia
500 989 705 1048 peccato
740 983 929 1032 facinus
963 998 1061 1032 non
1094 983 1232 1030 affuit
1262 981 1428 1044 ullum,

279 1064 371 1112 Nil
405 1067 498 1114 nisi
530 1081 606 1114 me
638 1067 809 1132 p'atriis
840 1052 982 1115 iussit
1015 1065 1190 1115 abesse
1224 1064 1379 1126 focis3

212 1214 358 1256 Franc„
380 1214 416 1246 V
439 1214 500 1246 alii
523 1216 643 1248 Heius.
662 1218 699 1249 et
713 1214 869 1249 eiusdem
881 1218 937 1248 ed.

211 1278 283 1311 pr„
306 1270 410 1302 Goth.
419 1292 432 1312 ,
462 1271 541 1302 Rel.
567 1273 603 1303 et
626 1272 745 1303 Ber-ol.
768 1271 937 1302 multum.

211 1325 305 1367 Put.,
324 1326 401 1357 Pal.
418 1325 464 1366 2.,
486 1327 635 1367 Βετεω.,
658 1326 817 1368 Pirckh.,
834 1326 871 1359 V
894 1335 938 1359 a-

211 1380 251 1413 lii
282 1372 424 1422 Heius„
453 1381 536 1421 seg.
570 1384 607 1412 et
639 1382 694 1413 ed.
718 1383 852 1414 Bonon.
876 1381 937 1413 m·-

210 1433 325 1466 mium
345 1443 453 1476 yrav.
498 1438 602 1468 Rern.
622 1435 771 1476 peiora.

254 1513 285 1545 8.
321 1512 513 1554 Principis
533 1513 607 1546 ira.
654 1513 757 1547 Conf.
781 1516 813 1556 Ι,
833 1515 866 1557 1,
883 1516 937 1548 33.

210 1570 249 1599 et
271 1570 319 1609 11,
350 1569 424 1601 133.
458 1586 497 1591 —
526 1569 604 1601 Pol.
628 1569 658 1601 1.
691 1572 727 1601 et
751 1571 881 1602 Medic.
906 1571 935 1603 1.

209 1621 356 1656 iudicis.
415 1626 491 1656 Iun.
524 1627 560 1657 et
592 1625 627 1656 11
656 1625 718 1656 alii
750 1625 935 1660 Caesaris.

211 1679 317 1711 Goth.
339 1678 403 1711 ira
421 1679 798 1721 gravia—Heinsius
821 1689 867 1712 ex
891 1690 935 1713 u-

210 1742 257 1767 no
282 1735 376 1767 Gall.
395 1736 528 1776 prImus
543 1736 652 1767 edidit
667 1743 750 1768 cum
765 1745 823 1769 me
843 1746 934 1770 sur-

208 1789 340 1830 ripuit.
381 1792 468 1834 *Nos
498 1792 750 1823 revocavimus
775 1791 934 1832 scriptu-

208 1853 287 1878 ram
311 1847 463 1879 omnIum
487 1850 575 1879 vett.
598 1847 786 1879 librorum.

254 1923 286 1954 9.
311 1923 400 1963 Iste,
414 1923 477 1955 ille
490 1924 615 1956 nescio
629 1924 717 1965 quis.
729 1925 774 1957 V.
785 1924 934 1966 LGalL,

207 1979 318 2019 Mon,
341 1979 440 2010 Leid.
455 1981 491 2010 et
503 1980 608 2010 Rern.
621 1978 686 2010 ille
699 1979 832 2011 tamen.
856 1982 933 2011 lun.

207 2031 298 2074 ipse.
349 2034 389 2064 In
421 2034 525 2065 Bern.
555 2042 700 2066 versum
724 2035 755 2066 9.
775 2034 934 2076 fallitur

209 2088 276 2119 etc.
305 2089 425 2120 statim
454 2089 588 2130 excipit
616 2097 746 2121 versus
774 2090 828 2122 28.
852 2092 932 2122 ele-

207 2143 291 2184 giae
313 2142 511 2183 sequentis:
534 2142 568 2175 si
592 2151 667 2185 qua
690 2143 755 2176 diu
770 2167 778 2175 .
794 2167 822 2186 .‚
847 2146 931 2177 nul-

207 2197 246 2230 lo
269 2199 387 2239 spatio
414 2207 533 2232 vacuo
562 2202 624 2232 aut
650 2200 804 2232 lacunae
825 2201 930 2242 signo

207 2253 411 2286 interiecto.

252 2329 306 2361 10.
343 2329 690 2371 Mollior—poena.
743 2331 793 2372 11,
818 2331 871 2362 55.
893 2332 931 2363 et

206 2385 349 2426 passim.

251 2451 304 2484 11.
339 2450 514 2483 Maxima
533 2459 660 2491 poena
683 2453 752 2485 etc.
797 2455 931 2486 Eadem

206 2507 365 2539 adulatio
390 2510 445 2539 est
466 2509 518 2549 11,
542 2508 615 2540 139.
640 2507 713 2539 140.
730 2511 767 2541 et
777 2510 856 2541 aliis
871 2510 930 2542 lo-

207 2563 276 2602 cis:
300 2571 381 2594 nam
398 2562 519 2603 ipsum
534 2563 702 2605 intelligit
718 2564 930 2605 Principem.

250 2641 304 2672 12.
343 2639 520 2682 Venisset,
540 2641 701 2673 mallem.
745 2642 826 2675 Vid.
844 2644 876 2684 Ι,
894 2644 930 2684 5,

206 2696 259 2728 52.

252 2762 304 2794 13.
339 2761 493 2801 Quassa.
555 2763 755 2802 Exspectes
786 2761 933 2794 nonnisi

208 2825 347 2859 quassa
368 2819 430 2850 vel
455 2818 599 2849 tantum
622 2821 684 2849 aut
706 2818 821 2850 simile
839 2818 930 2858 quid.

208 2874 343 2906 Verum
371 2873 403 2905 si
431 2875 534 2905 recte
562 2873 816 2914 pronuntiatur
844 2879 931 2904 ver-

1004 1225 1081 1258 suS,
1103 1216 1199 1248 hunc
1220 1215 1336 1257 ipsum
1349 1222 1494 1253 sensum
1503 1215 1623 1249 inesse
1643 1216 1729 1248 loco
1755 1230 1770 1245 l

1005 1272 1168 1311 apparet.

1049 1325 1155 1366 neg„
1176 1325 1492 1366 Put.,Busl.,V111
1512 1324 1574 1356 alii
1594 1323 1730 1364 Heius„

1005 1380 1162 1411 eiusdem
1199 1379 1255 1410 ed.
1285 1388 1341 1420 pr.
1369 1382 1406 1412 et
1441 1380 1604 1420 reliquae
1639 1380 1728 1411 vett.

1005 1435 1084 1465 edd.
1094 1456 1107 1476 ,
1137 1435 1286 1476 Dresd.,
1317 1434 1437 1466 Guelf.
1460 1437 1498 1467 et
1523 1434 1632 1466 Crev.
1653 1442 1730 1466 non
1767 1464 1770 1468 ,

1004 1496 1142 1520 mersa.
1186 1489 1290 1530 „Sex
1302 1489 1426 1526 (Serv.
1437 1491 1475 1520 et
1485 1489 1521 1521 V
1535 1489 1616 1527 alii)
1627 1497 1730 1529 pup-

1002 1542 1076 1583 pis-2
1127 1545 1224 1575 Bene
1254 1544 1360 1576 etiam
1383 1545 1459 1576 Pal.
1482 1545 1513 1576 2.
1537 1546 1572 1576 et
1594 1545 1728 1576 Bersm.

1004 1607 1079 1630 non
1112 1598 1264 1640 fracta,
1299 1606 1346 1631 ne
1374 1599 1428 1632 bis
1455 1599 1548 1631 idem
1580 1596 1730 1632 dicat.“

1003 1652 1151 1685 ΗκιΝε.
1195 1655 1278 1686 Nou
1299 1655 1467 1696 apparet,
1490 1662 1556 1687 cur
1579 1663 1658 1687 cum
1675 1654 1730 1686 VI

1002 1708 1075 1740 ilus
1098 1708 1217 1749 potius
1237 1708 1376 1750 puppis
1397 1709 1601 1750 scribatur,
1625 1716 1729 1750 quam

1003 1772 1084 1796 cum
1107 1764 1254 1804 reliquis
1278 1763 1438 1795 omnibus
1469 1765 1506 1794 et
1534 1765 1623 1799 vett.
1648 1764 1727 1795 edd.

1001 1817 1119 1849 navis.
1164 1818 1217 1850 De
1240 1818 1435 1859 posteriori
1453 1817 1589 1850 Heinsii
1604 1815 1727 1850 emen-

1002 1873 1146 1905 datione
1159 1874 1272 1915 magis
1289 1874 1397 1906 etiam
1412 1873 1550 1915 dubito,
1561 1881 1605 1905 ac
1616 1881 1727 1914 prae-

1002 1928 1107 1968 cipue
1142 1930 1293 1969 propter
1329 1936 1475 1960 versum
1504 1927 1726 1969 subsequen-

1001 1984 1090 2025 tem,
1114 1983 1173 2023 qui
1196 1985 1251 2015 est
1273 1982 1376 2015 huius
1406 1991 1536 2015 versus
1562 1980 1726 2023 explica-

1001 2038 1053 2070 tio
1076 2038 1154 2070 sive
1178 2037 1377 2078 expositi03
1410 2037 1447 2069 in
1478 2046 1547 2078 quo
1569 2037 1658 2069 illud
1680 2047 1725 2070 u-

1000 2100 1083 2124 num
1106 2093 1281 2133 tangitur,
1310 2091 1430 2123 navim
1457 2100 1530 2123 non
1558 2092 1726 2125 fluctibus

1000 2147 1133 2177 tectum
1157 2154 1247 2178 esse.
1292 2148 1418 2186 Itaque
1442 2155 1521 2178 cum
1542 2147 1726 2188 plerisque

998 2199 1101 2232 libris
1126 2202 1232 2233 etiam
1255 2201 1473 2241 scripturam
1501 2209 1575 2233 non
1599 2211 1727 2235 mersa

998 2255 1151 2287 restitui.
1196 2256 1315 2288 Berol.
1337 2264 1406 2287 nec
1423 2255 1569 2298 fracta.
1609 2256 1725 2290 conf.

998 2311 1031 2353 1,
1053 2311 1090 2352 2,
1113 2311 1145 2343 2.
1167 2328 1211 2334 —
1232 2312 1278 2344 V.
1303 2311 1355 2344 14.
1389 2312 1518 2344 Dresd.
1540 2312 1661 2344 errat.

1042 2388 1094 2420 15.
1127 2389 1209 2421 vid.
1234 2390 1285 2431 11,
1310 2368 1383 2421 125.
1405 2396 1504 2430 seqq.
1527 2390 1565 2421 et
1586 2390 1653 2431 lv,
1686 2389 1724 2431 4,

998 2443 1051 2474 45.
1074 2460 1118 2465 —
1140 2445 1238 2476 Unus
1267 2452 1336 2476 nec
1368 2443 1510 2476 ademit
1525 2451 1723 2495 posse-re-

997 2496 1107 2538 verti,
1133 2501 1226 2539 quod
1245 2500 1370 2533 sumsit
1382 2500 1551 2533 librarius
1565 2506 1610 2531 ex
1620 2500 1722 2531 Pont.

997 2554 1029 2595 1,
1053 2554 1088 2595 7,
1111 2554 1163 2586 47.

1042 2630 1095 2663 16.
1121 2629 1189 2670 Qui
1201 2629 1333 2662 merui.
1347 2629 1494 2663 Rectius
1507 2638 1601 2672 qnae
1615 2633 1723 2673 Reg.‚

998 2687 1113 2729 Leid.,
1136 2689 1271 2719 Bersm.
1295 2688 1332 2717 et
1354 2687 1391 2717 11
1418 2685 1490 2718 alii.
1518 2702 1562 2708 —
1591 2686 1666 2718 Pal.
1689 2685 1722 2718 2.

998 2747 1120 2781 quam.
1151 2740 1296 2772 Hfflxs.
1324 2741 1515 2773 Revocavi
1536 2738 1610 2782 qui,
1627 2741 1722 2781 quod

998 2795 1106 2826 etiam
1128 2796 1278 2836 gravius
1301 2798 1366 2828 est.

1045 2872 1096 2904 17.
1128 2869 1197 2904 Illi
1227 2875 1312 2904 octo
1346 2880 1392 2904 ex
1420 2871 1627 2905 melioribus
1648 2864 1723 2908 (3)
