1846 3146
3 1890 11 1903 ο
3 1842 14 1874 cr
0 1487 26 1831 ξρΓ-ξᾩ,“ἤξ,φπθῦψ“””“.
0 1440 9 1477 *Ὗ
0 1387 12 1426 ³3:
0 1353 7 1362 π
0 1314 6 1340 -ἡ
0 1293 13 1302 5

574 193 1146 249 LIBMVELEGX.

1526 188 1625 238 5⁰5

123 326 282 391 thue
315 324 383 383 fit,
417 324 468 371 in
498 336 574 370 me
607 318 806 384 aliquid,
840 319 884 366 si
916 315 1031 381 quid
1065 312 1336 363 dicentibus
1367 310 1470 359 illis

189 403 452 458 Abnuerim
485 405 672 469 quoties
705 400 1068 463 adnuerimque,
1091 384 1272 463 putant.

111 490 289 550 Adde,
324 487 454 554 quod
484 488 706 534 iniustum
738 482 898 546 rigido
931 483 1006 529 ius
1041 478 1216 528 dicitur
1249 490 1382 537 ense,

192 573 378 621 Dantur
410 574 460 618 et
491 570 542 615 in
573 566 731 615 medio
763 563 971 613 vulnera
1001 576 1149 627 saepe
1181 561 1305 609 foro.

54 699 58 704 .
119 630 190 705 7’θ’
207 654 370 703 duram
400 650 657 707 Lachesin,
693 660 814 711 quae
846 651 941 694 tam
974 658 1129 708 grave
1163 642 1298 691 sidus
1330 639 1528 691 habenti
1564 638 1631 686 45

195 735 310 784 Fila
341 733 476 783 dedit
508 734 640 783 vitae
672 745 768 778 non
800 728 1028 778 breviora
1059 727 1219 775 meae!

130 920 168 951 et
189 919 314 952 Dresd.
336 925 360 949 a
382 916 412 948 1.
434 924 500 957 m.,
528 917 566 947 et
595 914 713 946 Berol.
738 914 847 945 male.

131 974 204 1007 Sed
230 975 332 1005 recte
358 973 578 1004 Burmannus
604 969 724 1007 mala,
754 967 849 999 scri-

134 1032 278 1071 pturam
304 1027 523 1067 reliquorum
551 1025 653 1057 codd.
682 1024 850 1064 omnium,

131 1084 165 1115 Ιι.
186 1083 211 1115 1.
232 1082 324 1114 bene
347 1081 479 1112 habere
501 1082 619 1120 notat,
641 1082 678 1111 et
699 1079 851 1119 positam

132 1144 214 1170 esse
234 1145 302 1177 pro
324 1135 537 1176 maledicta,
559 1131 740 1173 convicia,
755 1136 794 1164 ut
816 1132 852 1164 in

130 1191 288 1225 formula
309 1192 412 1222 mala
433 1189 614 1231 ingerere,
629 1190 672 1220 de
695 1196 763 1228 qua
780 1176 850 1220 viii.

86 1244 90 1245 ⁷
131 1234 272 1282 Ruhnk.
293 1246 340 1277 ad
361 1246 505 1278 Terent.
528 1246 638 1277 Andr.
663 1243 729 1283 IV,
746 1242 779 1284 1,
799 1242 851 1274 16.

132 1299 252 1342 Loqui
295 1309 375 1332 cum
418 1307 538 1331 accus.
574 1298 742 1330 usitatum
787 1300 851 1329 est.

134 1357 238 1390 conf.
261 1356 368 1389 Trist.
390 1356 446 1396 ΙΙ,
469 1354 543 1385 399.
570 1369 615 1375 -—-
644 1354 735 1395 Iun„
759 1355 853 1396 Put„

134 1412 255 1453 Serv„
278 1412 427 1451 Bersm.,
450 1409 505 1440 IV
526 1408 590 1440 alii
611 1408 729 1440 Heius.
752 1412 790 1441 et
812 1417 855 1440 e-

132 1466 268 1498 iusdem
292 1466 347 1497 ed.
370 1473 424 1504 pr.
447 1462 528 1494 tuto
551 1461 596 1493 de
617 1469 683 1493 me..

179 1531 244 1564 Me
271 1532 403 1573 palam
433 1530 467 1560 h.
490 1535 521 1559 e.
545 1535 666 1559 coram
694 1535 773 1569 me,
800 1534 856 1559 me

134 1589 337 1629 praesente.
397 1585 538 1623 Zumpt.
566 1583 722 1614 Granum.
750 1583 792 1613 L.
822 1582 856 1622 S.

135 1642 210 1674 ³21.
247 1641 389 1691 =Bet-sm.
411 1642 450 1670 et
470 1639 553 1678 seg.
574 1636 678 1668 mala
698 1636 828 1668 multa.

179 1728 234 1760 40.
267 1717 321 1761 De
342 1727 408 1759 illo
438 1733 507 1767 que
537 1725 647 1756 tertio
674 1724 761 1756 loco
786 1723 857 1755 vid.

136 1783 183 1815 nd
203 1783 272 1824 IV,
294 1782 329 1824 1,
351 1781 405 1813 74.
426 1783 465 1813 et
485 1789 520 1821 Ρ.
545 1779 620 1811 848.
642 1781 679 1810 et
700 1779 775 1811 260.

179 1869 235 1901 41.
274 1868 390 1909 thue
412 1865 470 1911 fit.
530 1867 641 1900 Pauci
668 1866 794 1906 scripti
822 1867 859 1898 et

138 1925 229 1955 vett.
259 1923 338 1955 edd.
365 1923 478 1964 utque
501 1921 562 1954 sit.
617 1921 780 1953 Heinsius
805 1920 861 1972 di-

138 1977 282 2011 sticnon
298 1978 367 2010 hoe
379 1974 665 2008 commentitium
678 1975 720 2007 'et
732 1973 862 2016 fictum

911 912 967 943 111
983 910 1044 942 alii
1054 909 1173 942 Heius.
1184 906 1381 941 annuerim
1404 901 1548 948 quoties
1566 900 1634 933 ab-

913 964 1137 1017 nuerimque.

958 1030 1012 1062 43.
1046 1028 1233 1061 Iniustum
1259 1026 1335 1067 ius,
1366 1019 1577 1066 ὄξυμόρως,’
1597 1024 1638 1054 ut

896 1070 1017 1127 nug.
1047 1086 1092 1116 ad
1121 1085 1200 1116 niv.
1224 1094 1259 1115 v.
1282 1082 1336 1114 54.
1391 1081 1452 1113 sic
1475 1080 1562 1111 Met.
1587 1078 1636 1118 11,

917 1141 991 1174 627.
1014 1139 1223 1180 iniustaque
1243 1137 1346 1169 iusta
1364 1133 1522 1177 peregit.
1546 1134 1636 1165 Met.

916 1197 1023 1236 Vm,
1045 1195 1121 1227 476.
1142 1190 1333 1232 impietate
1353 1190 1449 1232 pius.
1493 1191 1580 1221 Met.
1604 1190 1638 1228 1,

919 1251 994 1282 433.
1018 1247 1222 1281 concordia
1243 1246 1400 1279 discors.
1443 1244 1527 1277 vid.
1553 1245 1640 1276 Met.

919 1306 1008 1346 vn,
1028 1295 1134 1344 ‘139.,
1163 1304 1251 1335 nor.
1281 1301 1392 1341 Epist.
1420 1301 1461 1342 1,
1494 1300 1558 1341 12,
1587 1299 1640 1331 19.

921 1360 1023 1393 Couf.
1047 1359 1173 1391 Manil.
1196 1360 1237 1400 1,
1267 1357 1340 1389 141.
1347 1378 1362 1398 ,
1392 1354 1562 1395 Sophocl.
1585 1353 1641 1386 Αἰ.

919 1425 955 1447 v.
978 1415 1052 1447 66³.
1074 1417 1111 1445 et
1134 1414 1220 1446 Oed.
1231 1414 1319 1454 Tyr.
1331 1421 1366 1443 v.
1379 1409 1475 1442 1214.
1487 1412 1524 1441 et
1534 1409 1642 1441 Trist.

919 1470 972 1510 V,·
994 1469 1015 1500 8
1028 1490 1041 1510 ,
1066 1468 1118 1500 18.
1184 1469 1238 1500 De
1265 1465 1444 1498 sententia
1473 1465 1569 1496 conf.
1591 1464 1642 1505 V,

922 1526 957 1567 7,
981 1524 1033 1556 47.
1055 1540 1101 1547 —
1120 1524 1234 1564 Reg.,
1262 1523 1355 1554 Mor.
1363 1542 1377 1561 ,
1400 1522 1498 1561 1un.‚
1526 1518 1644 1560 Leid.,

921 1579 1085 1619 Pirckn„
1112 1577 1190 1610 Pal.
1214 1578 1266 1617 1.,
1296 1577 1387 1608 vm
1415 1575 1477 1607 am
1507 1574 1644 1615 nefins„
1707 1611 1712 1616 „

922 1635 1046 1675 ooth„
1068 1632 1190 1665 Guelf.
1212 1639 1235 1663 a
1257 1631 1288 1662 2.
1311 1639 1377 1671 m.,
1400 1631 1521 1670 Bern„
1544 1628 1644 1669 Seg.‚

922 1689 1001 1720 Rel.
1025 1686 1062 1720 e't
1091 1688 1145 1718 ed.
1168 1688 1302 1719 Bonon.
1331 1683 1495 1717 ducitur.
1545 1685 1645 1716 Unus

922 1739 1043 1777 nefins.
1071 1741 1244 1774 sumitur.
1299 1740 1403 1772 Alius
1430 1737 1646 1779 stringitur.

922 1801 998 1832 Pal.
1022 1800 1053 1831 1.
1074 1807 1152 1830 esse
1173 1805 1241 1838 pro
1260 1803 1354 1826 ense.
1398 1793 1475 1826 Pal.
1485 1794 1518 1825 2.
1531 1796 1569 1825 et
1579 1791 1646 1824 sub

922 1863 994 1887 ras.
1017 1853 1137 1886 Guelf.
1160 1851 1199 1884 et
1217 1850 1365 1882 iustum.

970 1929 1022 1962 44.
1056 1930 1105 1962 In
1125 1927 1402 1969 medio—foro,
1422 1926 1482 1958 ubi
1494 1925 1579 1958 lites
1601 1933 1647 1957 ex

925 1985 1004 2018 iure
1027 1987 1064 2018 et
1083 1985 1167 2026 lege
1191 1982 1356 2024 componi
1377 1982 1560 2014 deberent.

139 2025 336 2065 existimat.
387 2032 507 2064 velim
537 2031 707 2068 indidisset
732 2031 860 2062 modu·
924 2054 927 2057 .

137 2087 214 2119 lum
233 2086 350 2128 illum,
371 2094 457 2127 quo,
469 2093 552 2117 num
566 2077 776 2118 ovidianum
797 2084 860 2125 sit,

140 2142 239 2172 asset
259 2141 482 2173 metiendum.
525 2142 604 2182 Ego
630 2149 720 2173 vere
741 2141 861 2172 Naso-

141 2195 282 2227 nimum
310 2197 417 2236 puto:
454 2197 590 2227 Sensus
620 2197 658 2228 et
690 2196 781 2227 ordo
803 2194 861 2226 hic

141 2251 213 2280 est:
234 2249 448 2295 Sermonem
474 2246 758 2282 Tomitanoru'm
784 2256 859 2280 non

91 2293 95 2301 ¹
122 2301 334 2343 ‘intelli905
355 2302 441 2336 inde
462 2303 629 2336 ludib‘rio
650 2303 700 2335 iis
721 2310 802 2334 sum
825 2302 862 2334 et

141 2355 292 2399 impune
314 2357 359 2389 de
379 2366 441 2389 me
457 2359 561 2389 mala
582 2358 801 2399 loquuntur,
826 2358 863 2389 et

140 2412 186 2444 ut
202 2411 251 2453 fit
271 2413 429 2452 (quando
450 2412 547 2453 loqui
570 2421 648 2445 cum
664 2414 862 2445 hominibus

142 2475 216 2499 non
228 2468 405 2507 possum),
416 2466 559 2507 quoties
581 2466 723 2508 aliquid
737 2467 863 2498 dicen-

143 2520 242 2552 tibus
274 2519 353 2552 illis
385 2529 457 2561 per
487 2521 630 2562 ⁸aestum
667 2521 864 2553 annuerim

142 2575 221 2608 sive
250 2574 454 2616 abnuerim,
485 2576 624 2608 contra
642 2583 698 2607 me
722 2574 865 2616 aliquid

133 2629 299 2671 putant,
332 2631 431 2662 male
459 2631 504 2662 de
533 2638 590 2662 me
620 2629 796 2671 cogitant.
821 2646 865 2653 —-

144 2685 278 2716 Bonon.
298 2685 400 2724 puto.
441 2685 576 2726 Guelf„
598 2685 672 2716 Pal.
694 2687 741 2727 2.,
770 2688 864 2718 Mor.

98 2742 101 2743 ’
144 2747 214 2780 pro
235 2750 271 2773 v.
293 2749 365 2773 scr.
393 2742 431 2772 et
460 2739 515 2771 111
538 2739 607 2770 alii
636 2740 756 2771 Helns.
786 2739 862 2771 aei-

146 2793 236 2835 quid
257 2794 435 2836 siquidem
448 2793 665 2827 dicentibus.
700 2796 797 2827 Busl.
819 2805 864 2827 a-

147 2848 265 2890 liquid
277 2849 423 2891 forsan.
436 2867 479 2874 —
489 2852 536 2883 V.
548 2851 600 2883 42.
625 2851 727 2892 neg„
741 2852 816 2882 Iun.
830 2854 866 2882 et

722 2963 743 2978 4

968 2064 1023 2096 45.
1058 2062 1089 2095 O
1111 2063 1256 2095 duram.
1302 2061 1395 2092 Mor.
1415 2061 1451 2091 et
1467 2061 1572 2092 Serv.
1588 2057 1649 2090 di-

925 2126 1022 2151 ram.
1065 2118 1203 2149 ann.
1248 2118 1302 2149 De
1324 2112 1481 2146 Lachesi
1499 2116 1535 2144 et
1557 2114 1650 2144 Par-

927 2173 978 2205 cis
1002 2180 1194 2212 carumque
1217 2172 1286 2203 filis
1309 2169 1480 2201 fatalibus
1498 2167 1570 2199 vid.
1581 2167 1649 2208 IV,

926 2227 962 2269 1,
986 2227 1038 2259 64.
1061 2227 1130 2268 86.,
1152 2226 1220 2265 111,
1243 2226 1278 2265 3,
1301 2224 1353 2255 25.
1378 2226 1414 2255 et
1436 2223 1488 2264 V,
1518 2222 1574 2263 13,
1596 2221 1650 2253 24.

925 2281 1050 2313 Sidus.
1094 2278 1326 2320 Superstitio,
1351 2280 1391 2310 ut
1420 2278 1599 2318 produnt,
1629 2284 1653 2308 a

928 2335 1118 2370 Chaldaeis
1140 2335 1322 2375 profecta,
1345 2340 1429 2374 qua,
1458 2341 1527 2373 quo
1553 2331 1651 2372 quis-

929 2398 997 2432 que
1018 2389 1138 2421 sidere
1160 2390 1255 2420 esset
1277 2390 1397 2428 natus,
1424 2386 1496 2418 vim
1518 2386 1653 2417 habere

929 2446 966 2476 in
988 2444 1095 2476 vitam
1118 2444 1368 2482 fortunamque
1398 2442 1473 2473 eius
1500 2443 1652 2482 putare-
1708 2438 1711 2439 ⁷

931 2500 1000 2529 tur.
1035 2497 1110 2530 Cic.
1133 2499 1177 2529 de
1201 2497 1317 2530 Divin.
1339 2498 1386 2528 11.
1414 2505 1445 2528 c.
1478 2496 1531 2529 42.
1574 2497 1653 2533 luy.

930 2553 1018 2594 vn,
1042 2553 1116 2585 193.

995 2619 1290 2625 —————
1319 2603 1411 2630 d‘stat
1445 2602 1542 2635 enim,
1576 2609 1654 2637 quae

996 2647 1103 2677 Sidera
1120 2652 1150 2677 te
1169 2647 1319 2683 excipiant
1335 2647 1423 2674 modo
1446 2646 1558 2682 primos
1576 2646 1655 2674 inci-

1322 2691 1455 2726 pientem

994 2726 1094 2754 Edere
1112 2726 1241 2760 vagitus.

931 2794 1012 2826 Vid.
1035 2793 1186 2834 interpp.
1204 2794 1255 2824 ad
1279 2795 1357 2827 Iuv.
1379 2792 1653 2835 V1,553.‚Mit-

931 2849 1062 2882 scherl.
1093 2850 1139 2881 ad
1170 2850 1255 2883 Hor.
1287 2849 1351 2882 Od.
1376 2850 1426 2891 Π,
1456 2848 1513 2889 17,
1545 2846 1598 2878 17.
1621 2849 1658 2878 et
