1846 3146
147 201 246 253 382

347 273 355 278 ς
389 198 446 248 P.
483 195 707 248 ovmn
741 192 1058 258 NASONJS
1094 191 1436 243 TRISTIUM

150 326 408 388 Tantaque
442 322 493 370 in
526 320 757 384 Augusto
794 317 1067 374 clementia,
1103 317 1147 364 si
1181 317 1288 380 quis
1322 314 1382 363 ab
1410 313 1508 363 ³illo
1552 300 1553 303 Ἴ
1605 345 1609 352 ·

218 407 332 456 Hoc
365 409 558 471 peteret
590 418 681 470 pro
715 416 806 461 me,
841 401 1048 449 forsitan
1082 399 1171 447 ille
1206 398 1361 447 daret.

153 489 362 555 Frigida
395 502 471 536 me
507 486 737 536 cohibent
769 484 954 533 Euxini
989 483 1137 531 litora
1175 483 1352 542 Ponti3

1620 478 1685 527 55

220 574 398 622 Dictus
434 570 494 619 ab
530 571 741 633 antiquis
775 568 985 617 Axenus
1020 566 1108 614 ille
1143 565 1249 614 fuit.

156 659 284 707 Nam
317 668 475 719 neque
507 654 749 701 iactantur
782 650 1046 699 moderatis
1081 664 1296 715 aequora
1330 649 1509 707 ventis,

223 723 338 790 Nec
369 734 598 804 placidos
632 739 805 801 portus
839 733 1034 799 hospita
1067 717 1211 782 navis
1246 732 1406 780 habet.

159 823 289 890 Sunt
323 823 456 871 circa
491 823 694 883 gentes·‚
738 832 863 882 quae
897 816 1128 883 praedam
1162 817 1400 880 sanguine
1433 816 1691 878 quaerunt3

226 907 340 956 Nec
373 905 529 953 minus
564 899 716 950 infida
748 906 880 949 terra
913 902 1106 948 timetur
1140 914 1278 963 aqua.

1630 895 1694 944 60

162 990 263 1050 Illi,
300 1003 422 1054 quos
456 985 598 1035 audis
631 984 871 1033 hominum
908 982 1128 1047 gaudere
1162 993 1354 1042 cruore,

229 1072 399 1122 Paene
431 1069 521 1119 sub
557 1066 777 1118 eiusdem
811 1066 992 1115 sideris
1026 1080 1122 1114 axe
1157 1066 1332 1113 iacent.

209 1226 264 1257 53.
302 1222 510 1263 Tantaque.
556 1220 636 1253 Pol.
659 1219 692 1250 2.
720 1220 757 1250 et
781 1219 816 1249 11
839 1217 903 1249 alii

167 1281 393 1323 quantaque.
432 1279 540 1308 Bene.
571 1275 717 1306 Ham-s.
747 1273 809 1306 Nil
823 1281 903 1303 mu-

166 1338 314 1370 tandum
335 1332 479 1375 quanta
498 1331 554 1363 est
571 1330 651 1362 Rel.
671 1337 739 1370 pro
759 1338 793 1360 v.
815 1336 903 1368 scr„

168 1401 192 1425 a
222 1392 250 1424 1.
285 1400 330 1422 m.
365 1388 475 1419 tanta
505 1386 571 1418 est.
632 1385 801 1418 ceterum
830 1391 905 1415 non

167 1446 331 1487 segniter
355 1444 486 1476 alludit
509 1445 545 1474 et
569 1441 702 1474 callide
724 1440 802 1480 ipse
817 1446 905 1480 pre-

170 1505 292 1544 catur,
315 1502 395 1533 fere
418 1500 513 1532 sicut
532 1499 582 1540 V,
605 1498 653 1539 2.,
674 1505 743 1537 quo
771 1495 905 1527 carmi-

165 1566 216 1601 με
246 1565 396 1589 uxorem
427 1556 621 1597 obiurgat,
653 1552 748 1593 quod
776 1553 906 1591 Augu-

171 1618 264 1646 stum
294 1622 363 1655 pro
397 1620 438 1645 se
468 1619 541 1642 non
569 1608 771 1650 supplicet,
805 1610 907 1639 certe

173 1669 329 1700 animum
360 1668 437 1699 eius
467 1667 663 1706 flexuram,
699 1665 780 1695 dum
803 1665 908 1694 recto

172 1725 280 1757 modo
306 1724 479 1763 iustisque
504 1729 582 1753 eum
598 1720 766 1761 precibus
789 1720 909 1750 adeat.

219 1780 296 1813 Pal.
328 1779 381 1820 1.‚
414 1778 574 1818 Franc.,
603 1777 753 1816 Rei-sm„
785 1774 910 1815 (Ji-ev„

176 1837 232 1867 ed.
247 1845 300 1876 pr.
325 1838 362 1866 et
385 1834 547 1874 reliquae
565 1839 663 1864 saec.
683 1831 762 1862 XV.
778 1828 816 1860 in
830 1827 911 1860 Λιι-

174 1891 286 1934 gusto
310 1890 377 1922 est.

222 1968 277 2001 54.
310 1967 404 1999 Hoc.
447 1965 523 1997 Pal.
548 1964 578 1996 1.
614 1965 650 1996 et
680 1962 846 1996 nonnulli
868 1971 911 1994 a—

177 2024 219 2057 lii
241 2024 363 2056 Heins.
389 2030 468 2053 cum
492 2023 580 2052 vett.
602 2021 681 2051 edd.
695 2019 799 2058 haec,
819 2017 913 2058 quod

178 2079 309 2126 merito
333 2076 472 2118 expulit
488 2075 667 2108 Heinsius.
707 2074 829 2105 Berol.
842 2080 914 2113 pe-

181 2134 252 2167 tiit.
682 2169 684 2173 Ι

226 2215 282 2245 55.
318 2209 444 2243 Goth-t
475 2206 549 2239 Hic
581 2207 629 2247 pt
657 2216 696 2239 ee
725 2207 815 2248 epla
845 2213 919 2246 per

183 2277 234 2301 se.
282 2263 487 2301 Cuiusmodi
511 2265 675 2294 veterum
706 2261 919 2304 grammati-

185 2333 311 2357 corum
348 2321 550 2354 commenta
580 2319 650 2350 iam
679 2318 794 2350 multa
824 2315 920 2348 vidi-

185 2389 264 2411 mus
288 2379 324 2409 in
349 2377 402 2408 his
428 2375 657 2408 carminibus.
703 2374 800 2405 Idem
814 2371 929 2414 Goth.

186 2433 337 2477 prohib.
364 2435 400 2464 et
425 2440 448 2463 a
471 2431 502 2464 1.
525 2440 569 2463 m.
590 2429 757 2472 friyora.

232 2512 286 2543 56.
315 2509 481 2542 Axenus.
528 2506 715 2548 Euxinus,
735 2503 924 2546 Eusimus,

188 2565 387 2606 Eumimus,
399 2563 566 2596 Amemus
581 2564 643 2595 alii
656 2563 812 2595 codices·
836 2561 924 2593 Plu-

187 2622 270 2655 rimi
291 2620 434 2652 eminus.
467 2620 604 2652 Deinde
621 2618 687 2650 ille
706 2619 809 2649 locus
829 2616 926 2649 Busl.

189 2679 228 2709 et
246 2684 326 2708 exc.
341 2676 448 2707 voss.
471 2675 609 2707 Btmm.
634 2673 788 2706 Axenus
807 2674 927 2705 Grae-

191 2739 286 2772 cum,
310 2739 342 2771 q.
363 2738 395 2761 e.
414 2731 658 2772 inhospitalis:
683 2738 763 2761 nam
784 2729 927 2762 Pontus

192 2786 284 2820 olim
306 2785 353 2818 ab
384 2784 607 2828 inhospitali
636 2784 795 2828 feritate
821 2783 927 2816 inco-

192 2841 350 2875 lentium
384 2841 574 2874 Aoeenos
604 2840 836 2883 appellatus,
860 2847 928 2871 au-

194 2901 298 2932 ctore
322 2898 412 2932 Plln.
426 2898 490 2931 Vl.
513 2907 544 2931 c.
560 2897 591 2930 1.
622 2896 726 2930 conf.
742 2895 843 2928 Mela
856 2895 884 2926 1.
898 2901 929 2926 c.

969 1215 1023 1259 19.
1066 1217 1170 1256 Post,
1194 1223 1274 1247 cum
1298 1216 1404 1247 lones
1426 1213 1462 1246 in
1486 1215 1598 1247 litore
1621 1213 1699 1246 eius

968 1271 1077 1302 urbes
1109 1270 1368 1312 condidissent,
1392 1268 1586 1311 Ena-inus„
1613 1268 1636 1302 i.
1667 1276 1699 1300 e.

969 1325 1170 1366 hospitalis
1192 1325 1322 1357 vocari
1347 1327 1519 1366 coeptus,
1552 1327 1592 1356 ut
1621 1326 1702 1362 tra-

971 1381 1021 1412 dit
1045 1381 1179 1413 Strabo
1204 1381 1284 1412 Vn.
1335 1381 1420 1413 Vid.
1448 1381 1552 1412 Diod.
1579 1381 1644 1418 IV.
1667 1389 1702 1421 p.

972 1437 1064 1478 170„
1087 1437 1194 1469 Trist.
1219 1437 1288 1478 111,
1314 1436 1371 1478 12,
1395 1436 1442 1478 7.,
1460 1437 1530 1477 111,
1553 1436 1611 1477 14,
1634 1435 1705 1476 27„

971 1495 1022 1536 V,
1045 1494 1103 1536 10,
1127 1494 1179 1525 13.
1213 1493 1295 1525 Sed
1319 1491 1430 1532 poeta
1450 1499 1515 1523 suo
1536 1490 1614 1522 iure
1626 1497 1706 1522 eam

972 1549 1152 1581 feritatem
1178 1548 1357 1581 transfert
1385 1547 1429 1578 ad
1458 1546 1570 1586 ipsum
1593 1553 1706 1577 mare.

973 1605 1018 1637 V.
1043 1605 1096 1636 57.
1129 1604 1228 1636 Leid.
1258 1600 1552 1634 moderantibus.
1599 1601 1707 1634 Goth.

975 1669 998 1692 a
1021 1660 1051 1692 1.
1075 1669 1119 1691 m.
1142 1666 1317 1701 aequore.

1019 1747 1073 1779 58.
1107 1745 1270 1787 Hospita
1293 1745 1402 1778 'ravis
1424 1745 1546 1786 habet.
1592 1745 1710 1778 Hein—

977 1803 1050 1835 sius
1075 1810 1095 1834 e
1119 1812 1173 1843 pr.
1186 1804 1284 1845 Vat.,
1303 1804 1379 1835 Iun.
1398 1804 1435 1834 et
1449 1803 1504 1833 111
1526 1802 1609 1834 aliis
1632 1801 1711 1843 pri-

978 1867 1056 1891 mus
1081 1859 1178 1891 dedit
1203 1857 1297 1900 adit,
1316 1859 1411 1899 quod
1430 1857 1464 1889 in
1483 1857 1604 1901 Bet-ol.
1626 1865 1713 1889 era-

980 1924 1068 1947 sum.
1121 1915 1192 1947 Sed
1217 1915 1376 1946 mutandi
1399 1923 1471 1946 non
1495 1915 1577 1945 erat
1604 1920 1714 1944 caus-

979 1978 1032 2002 sa.
1077 1971 1154 2002 Pal.
1180 1970 1210 2002 1.
1233 1973 1270 2002 et
1292 1972 1328 2002 11
1358 1970 1421 2002 alii
1450 1969 1587 2002 Heinsii
1610 1968 1715 1999 codd.

979 2025 1130 2068 puppis.
1188 2028 1244 2068 Ad
1273 2026 1490 2058 sententiam
1521 2025 1616 2056 conf.
1645 2024 1715 2065 111,

981 2083 1018 2124 2,
1043 2082 1110 2123 11.,
1133 2083 1201 2123 111,
1226 2082 1283 2123 13,
1306 2082 1359 2113 38.
1383 2084 1420 2112 et
1442 2080 1495 2112 ³2.
1649 2074 1651 2076 ’

1027 2172 1081 2203 59.
1119 2168 1327 2209 Quaerunt.
1377 2167 1474 2200 Gall.
1482 2189 1496 2209 ,
1519 2167 1652 2200 Franc.
1679 2169 1718 2200 et

984 2226 1076 2257 alius
1101 2234 1179 2257 cum
1203 2225 1258 2255 ed.
1283 2232 1336 2264 pr.
1357 2225 1413 2260 (et
1427 2224 1582 2259 Bonon.)
1599 2230 1718 2264 quae-

984 2282 1087 2313 rant.
1124 2281 1276 2312 'Ham-s.
1316 2280 1441 2320 Neque
1459 2280 1528 2312 hoc
1550 2279 1635 2311 loco
1659 2279 1719 2310 iu-

985 2341 1078 2370 stam
1095 2336 1261 2369 Heinsius
1278 2335 1433 2367 habebat
1453 2342 1614 2367 caussam
1627 2343 1719 2367 con-

987 2394 1183 2427 iunctivum
1208 2391 1422 2434 inducendi„
1461 2391 1545 2423 Vid.
1576 2393 1651 2423 not.
1673 2390 1720 2421 ad

989 2449 1063 2489 IV,
1098 2449 1140 2490 3,
1170 2447 1246 2489 74„
1277 2447 1351 2488 1v,
1375 2447 1418 2488 6,
1440 2446 1494 2478 49.
1519 2449 1556 2479 et
1577 2448 1720 2487 Zumpt.

991 2505 1148 2537 Gramm.
1171 2505 1252 2536 Lat.
1277 2503 1311 2542 s.
1335 2503 1411 2536 563.
1432 2519 1477 2525 -
1499 2503 1554 2534 Ad
1572 2506 1723 2535 seuten-

992 2560 1077 2592 tiam
1100 2560 1171 2591 vid.
1195 2560 1268 2599 111,
1294 2557 1358 2600 11,
1382 2558 1434 2589 60.
1457 2565 1577 2600 seqq„
1600 2559 1641 2600 1,
1665 2558 1724 2600 11,

994 2615 1047 2646 30.
1092 2615 1172 2646 Put.
1193 2614 1320 2655 gentes
1345 2612 1461 2646 circa.
1508 2614 1613 2646 Goth.
1636 2614 1727 2646 sunt

995 2677 1149 2702 circum.

1038 2749 1091 2781 60.
1115 2745 1254 2790 Infida.
1286 2747 1382 2780 Busl.
1395 2749 1432 2779 et
1448 2747 1502 2779 m
1521 2744 1584 2778 alii
1601 2744 1725 2778 Heius.

993 2803 1146 2846 infesta,
1169 2805 1263 2845 quod
1286 2803 1387 2836 fluxit
1409 2810 1455 2834 ex
1478 2803 1510 2844 1,
1534 2800 1592 2843 10,
1613 2800 1668 2832 26.

1040 2894 1094 2928 61.
1130 2891 1212 2934 Illi,
1252 2899 1344 2934 quos
1373 2888 1492 2923 audis.
1550 2888 1726 2931 scythiae

1840 2565 1846 2631 -.-2
1843 2531 1846 2556 -
1836 2498 1846 2513 1,
