1846 3146
0 2882 6 2890 ³
14 2862 25 2871 ,
0 2531 22 2835 ”“”Γ·Ι’<”Ᾰ’-7Ν<Πᾶ”,“”
3 2498 12 2520 *¹
0 2401 14 2484 ''P-'⁷
0 2338 18 2372 ι-ἿΥ

675 170 1094 223 PRAEFATIO.
1584 184 1641 217 lx

119 300 412 365 spectantur
441 295 506 345 ab
536 295 722 344 Ioanne
755 292 1036 344 Christiano
1066 290 1200 341 Jahn
1231 292 1283 339 in
1315 305 1470 350 nova,
1504 305 1643 355 qnam

129 384 284 447 parat,
318 379 523 428 omnium
539 368 757 426 Nasonis
789 371 987 442 operum
1019 375 1258 425 editione:
1293 374 1431 422 cuius
1462 373 1559 421 viri
1593 374 1645 420 in

110 459 316 512 *ovidio
354 462 568 528 apprime
624 460 810 508 versati
849 473 1052 524 operam
1105 457 1171 506 ad
1219 461 1405 506 textum
1454 469 1647 519 quoque

129 543 363 595 Tristium
406 541 752 593 emendandmn
797 540 1054 607 perutilem
1096 555 1158 590 ac
1201 539 1498 588 fructuosam
1532 551 1646 585 esse

129 627 353 703 futuram,
385 631 484 676 tum
515 640 582 675 ex
613 639 675 674 eo
708 623 962 690 provideri
994 627 1174 689 potest,
1208 619 1340 686 quod
1371 622 1422 668 in
1455 618 1647 668 duobus

128 707 396 783 prioribus,
428 722 553 773 quae
584 708 678 755 iam
721 704 1008 772 prodierunt
1051 705 1188 753 illius
1233 702 1464 753 editionis
1496 701 1645 751 volu-

55 781 59 785 ·
129 789 335 841 minibus
379 789 635 839 Amatoria
673 803 797 853 quae
841 794 1082 837 vocantur
1131 793 1183 836 et
1221 782 1645 850 Metamorphoses

123 868 485 922 continentibus
501 872 759 938 praestitit,
794 875 891 919 tum
908 886 974 919 ex
995 872 1208 936 ipsorum
1224 869 1473 927 Tristium,
1508 883 1647 932 quam

129 959 244 1004 ante
274 953 366 1004 hos
397 956 451 1005 X
479 970 633 1004 annos
658 953 935 1005 scholarum
966 955 1017 1002 in
1033 970 1171 1002 usum
1187 953 1395 1010 curavit,
1430 949 1648 998 editione

128 1037 326 1097 mium-i,
360 1039 412 1086 in
445 1054 539 1103 qua
570 1036 830 1086 nonnullos
865 1036 1006 1085 locos
1033 1040 1288 1101 corruptos
1318 1034 1534 1082 feliciter
1564 1047 1648 1080 re·-

126 1121 286 1169 stituit
316 1119 559 1184 doctaque
594 1121 995 1174 commentatione
1030 1117 1253 1166 defendit
1287 1122 1432 1182 atque
1467 1115 1647 1165 confir-

127 1204 294 1263 mavit,
326 1202 459 1251 haud
492 1202 639 1252 dubie
671 1202 815 1268 plura
847 1205 1180 1260 correcturuS,
1215 1202 1309 1248 nisi
1343 1199 1556 1248 officium
1589 1213 1651 1246 ac

127 1287 252 1334 ratio
286 1287 492 1334 tironum
525 1287 574 1333 in
607 1302 743 1334 usum
791 1282 1055 1333 annotandi
1095 1298 1280 1332 omnem
1324 1282 1651 1331 difficiliorem

101 1398 107 1401 >
130 1383 192 1417 ac
223 1368 497 1433 longiorem
531 1367 596 1417 de
628 1382 752 1416 vera
791 1369 1034 1434 scriptura
1066 1365 1440 1431 disputationem
1473 1364 1650 1413 exclu-

130 1447 285 1498 deret.
349 1449 499 1499 Anno
532 1451 798 1516 superIOri,
846 1465 952 1499 cum
995 1448 1121 1498 haec
1161 1453 1328 1496 nostra
1370 1447 1523 1496 editio
1556 1449 1651 1494 iam

85 1573 89 1575 μ
129 1532 355 1582 absoluta
403 1532 639 1599 preloque
689 1532 928 1582 tradenda
970 1536 1131 1591 esset,
1189 1529 1373 1596 prodiit
1417 1529 1654 1577 Tristium

128 1614 283 1665 editio
330 1618 502 1664 critIca
534 1614 796 1681 Rudolphi.
829 1614 1079 1664 Merkelii.
1155 1613 1255 1661 Hic
1289 1614 1368 1660 vir
1401 1611 1653 1677 permultis

130 1699 181 1746 in
213 1698 340 1748 locis
373 1697 442 1757 id,
478 1697 610 1762 quod
641 1697 919 1746 faciendum
944 1702 1065 1755 erat,
1101 1701 1300 1744 strenue
1334 1694 1470 1754 fecIt,
1504 1709 1652 1759 prae-

129 1785 461 1847 properasque
502 1785 647 1844 atque
702 1779 1004 1828 inconsultas
1049 1771 1244 1827 Heinsii
1289 1792 1350 1826 ac
1390 1777 1654 1824 Burmanni

130 1865 444 1922 mutationeS,
498 1879 607 1910 nam
650 1861 1013 1911 emendationes
1056 1866 1132 1910 tot
1172 1861 1448 1926 turpissima
1461 1894 1475 1919 ,
1530 1873 1656 1923 quae

24 1942 35 1950 “
130 1945 209 1994 illi
240 1947 339 1995 viri
370 1943 666 1994 induxerunt
695 1946 819 1993 vitia
850 1944 1105 2011 appellare
1120 1946 1213 1994 vix
1246 1943 1422 2004 audeo,
1458 1957 1488 1991 e
1514 1947 1655 1990 textu

130 2028 336 2095 expulit,
370 2032 421 2078 et
452 2029 693 2097 antiquam
735 2043 795 2076 ac
841 2042 1009 2076 veram
1053 2029 1341 2093 scripturam
1374 2026 1652 2075 revocavit.

129 2109 239 2161 Sed
270 2110 399 2160 idem
431 2112 513 2160 vir
554 2110 914 2170 multa-etiam,
959 2110 1132 2174 quibus
1173 2110 1262 2157 fax
1305 2110 1476 2158 critica
1510 2107 1653 2156 adhi-

128 2192 291 2243 benda
322 2198 442 2253 erat,
476 2192 814 2259 praetermisit,
850 2208 911 2241 ac
946 2192 1076 2257 quod
1092 2191 1375 2241 dolendum
1409 2195 1501 2250 est,
1535 2205 1653 2255 per—

130 2291 348 2340 magnam
366 2291 556 2341 quoque
587 2280 1060 2339 segetemnovorum
1088 2290 1304 2324 errorum
1338 2290 1398 2323 ac
1426 2275 1654 2322 vitiorum

129 2358 238 2423 ipse
288 2361 569 2424 procreavit
614 2358 790 2407 futuris
832 2357 1102 2407 editoribus
1152 2355 1465 2405 evellendam
1510 2362 1656 2420 atque

130 2440 486 2489 removendam.
552 2440 725 2489 Multis
759 2442 885 2489 enim
918 2442 968 2487 in
1002 2439 1130 2488 locis
1164 2439 1407 2487 lectiones
1432 2443 1655 2487 veterum

132 2521 364 2572 librorum
396 2522 495 2571 fide
525 2539 692 2588 parum
717 2523 943 2582 firmatas,
979 2526 1062 2570 aut
1079 2523 1380 2586 superiorum
1416 2520 1657 2574 editorum

136 2607 303 2654 inanes
338 2607 643 2654 coniecturas
663 2621 759 2653 non
777 2606 932 2653 solum
965 2618 1120 2669 prave
1138 2605 1351 2662 retinuit,
1387 2603 1479 2651 sed
1513 2605 1657 2651 etiam

137 2687 373 2736 defendit.
418 2690 475 2735 lu
508 2689 620 2736 aliis
646 2690 868 2753 optImam
903 2688 1354 2750 integerrimamque
1372 2687 1659 2751 scripturam

136 2773 241 2835 ipse
258 2786 384 2820 nunc
417 2773 613 2837 primum
635 2760 859 2836 'corrupit
876 2775 959 2818 aut
991 2771 1040 2817 iu
1075 2770 1401 2835 suspicionem
1435 2754 1656 2827 vocavit,
