<?xml version="1.0" encoding="UTF-8"?>
<!DOCTYPE html PUBLIC "-//W3C//DTD XHTML 1.0 Transitional//EN"
    "http://www.w3.org/TR/xhtml1/DTD/xhtml1-transitional.dtd">
<html xmlns="http://www.w3.org/1999/xhtml" xml:lang="en" lang="en">
 <head>
  <title>
</title>
<meta http-equiv="Content-Type" content="text/html;charset=utf-8" />
  <meta name='ocr-system' content='tesseract 3.04.00' />
  <meta name='ocr-capabilities' content='ocr_page ocr_carea ocr_par ocr_line ocrx_word'/>
</head>
<body>
  <div class='ocr_page' id='page_1' title='image "./tristiumlibriqui00oviduoft_0206.png"; bbox 0 0 1846 3146; ppageno 0'>
   <div class='ocr_carea' id='block_1_1' title="bbox 187 158 286 209">
    <p class='ocr_par' dir='ltr' id='par_1_1' title="bbox 187 158 286 209">
     <span class='ocr_line' id='line_1_1' title="bbox 187 158 286 209; baseline -0.01 0"><span class='ocrx_word' id='word_1_1' title='bbox 187 158 286 209; x_wconf 88' lang='grc'><em>168</em></span> 
     </span>
    </p>
   </div>
   <div class='ocr_carea' id='block_1_2' title="bbox 443 119 1543 213">
    <p class='ocr_par' dir='ltr' id='par_1_2' title="bbox 443 119 1543 213">
     <span class='ocr_line' id='line_1_2' title="bbox 443 119 1543 213; baseline 0.005 -5"><span class='ocrx_word' id='word_1_2' title='bbox 443 159 500 208; x_wconf 87' lang='lat' dir='ltr'>P.</span> <span class='ocrx_word' id='word_1_3' title='bbox 537 158 760 210; x_wconf 84' lang='lat' dir='ltr'><em>ovmn</em></span> <span class='ocrx_word' id='word_1_4' title='bbox 794 119 1112 211; x_wconf 79' lang='lat' dir='ltr'><em>NAsoNIs</em></span> <span class='ocrx_word' id='word_1_5' title='bbox 1147 146 1493 213; x_wconf 80' lang='lat' dir='ltr'>TRISTIUM</span> <span class='ocrx_word' id='word_1_6' title='bbox 1541 189 1543 192; x_wconf 92' lang='lat'><em>-</em></span> 
     </span>
    </p>
   </div>
   <div class='ocr_carea' id='block_1_3' title="bbox 187 281 1671 515">
    <p class='ocr_par' dir='ltr' id='par_1_3' title="bbox 187 281 1671 515">
     <span class='ocr_line' id='line_1_3' title="bbox 188 281 1671 361; baseline 0.004 -31"><span class='ocrx_word' id='word_1_7' title='bbox 188 281 338 332; x_wconf 86' lang='lat' dir='ltr'><em>Nunc</em></span> <span class='ocrx_word' id='word_1_8' title='bbox 371 283 496 348; x_wconf 86' lang='lat' dir='ltr'><em>petit</em></span> <span class='ocrx_word' id='word_1_9' title='bbox 531 281 794 331; x_wconf 87' lang='lat' dir='ltr'><em>Armenius</em></span> <span class='ocrx_word' id='word_1_10' title='bbox 827 298 1024 349; x_wconf 81' lang='lat' dir='ltr'><em>pacem3</em></span> <span class='ocrx_word' id='word_1_11' title='bbox 1059 300 1190 335; x_wconf 85' lang='lat' dir='ltr'><em>nunc</em></span> <span class='ocrx_word' id='word_1_12' title='bbox 1222 286 1433 361; x_wconf 73' lang='lat' dir='ltr'><em>porrigit</em></span> <span class='ocrx_word' id='word_1_13' title='bbox 1464 299 1608 335; x_wconf 80' lang='lat' dir='ltr'><em>arcus</em></span> <span class='ocrx_word' id='word_1_14' title='bbox 1667 332 1671 336; x_wconf 90' lang='lat'>.</span> 
     </span>
     <span class='ocr_line' id='line_1_4' title="bbox 254 364 1510 434; baseline 0.002 -21"><span class='ocrx_word' id='word_1_15' title='bbox 254 364 467 414; x_wconf 83' lang='lat' dir='ltr'><em>Parthus</em></span> <span class='ocrx_word' id='word_1_16' title='bbox 502 379 654 430; x_wconf 81' lang='lat' dir='ltr'><strong>eques</strong></span> <span class='ocrx_word' id='word_1_17' title='bbox 689 366 858 433; x_wconf 64' lang='lat' dir='ltr'><em>timida</em></span> <span class='ocrx_word' id='word_1_18' title='bbox 892 373 1132 434; x_wconf 80' lang='lat' dir='ltr'><em>captaque</em></span> <span class='ocrx_word' id='word_1_19' title='bbox 1167 370 1310 432; x_wconf 82' lang='lat' dir='ltr'><em>signa</em></span> <span class='ocrx_word' id='word_1_20' title='bbox 1343 384 1510 429; x_wconf 82' lang='lat' dir='ltr'><em>manu3</em></span> 
     </span>
     <span class='ocr_line' id='line_1_5' title="bbox 187 442 1471 515; baseline 0.001 -18"><span class='ocrx_word' id='word_1_21' title='bbox 187 442 337 499; x_wconf 82' lang='lat' dir='ltr'><em>Nunc</em></span> <span class='ocrx_word' id='word_1_22' title='bbox 371 453 421 497; x_wconf 89' lang='lat' dir='ltr'><em>te</em></span> <span class='ocrx_word' id='word_1_23' title='bbox 455 447 599 515; x_wconf 88' lang='lat' dir='ltr'><em>prole</em></span> <span class='ocrx_word' id='word_1_24' title='bbox 632 453 716 497; x_wconf 85' lang='lat' dir='ltr'><em>tua</em></span> <span class='ocrx_word' id='word_1_25' title='bbox 749 451 978 498; x_wconf 86' lang='lat' dir='ltr'><em>iuvenem</em></span> <span class='ocrx_word' id='word_1_26' title='bbox 1013 449 1274 499; x_wconf 83' lang='lat' dir='ltr'><strong>Germania</strong></span> <span class='ocrx_word' id='word_1_27' title='bbox 1307 452 1471 511; x_wconf 78' lang='lat' dir='ltr'><em>sentit,</em></span> 
     </span>
    </p>
   </div>
   <div class='ocr_carea' id='block_1_4' title="bbox 240 525 1516 607">
    <p class='ocr_par' dir='ltr' id='par_1_4' title="bbox 240 525 1516 607">
     <span class='ocr_line' id='line_1_6' title="bbox 240 525 1516 607; baseline 0.003 -28"><span class='ocrx_word' id='word_1_28' title='bbox 240 530 494 596; x_wconf 81' lang='lat' dir='ltr'><em>&#39;Bellaque</em></span> <span class='ocrx_word' id='word_1_29' title='bbox 529 547 620 597; x_wconf 88' lang='lat' dir='ltr'><em>pro</em></span> <span class='ocrx_word' id='word_1_30' title='bbox 655 547 830 597; x_wconf 82' lang='lat' dir='ltr'><em>magno</em></span> <span class='ocrx_word' id='word_1_31' title='bbox 867 530 1086 607; x_wconf 54' lang='lat' dir='ltr'><em>Caesare</em></span> <span class='ocrx_word' id='word_1_32' title='bbox 1122 531 1312 583; x_wconf 79' lang='lat' dir='ltr'><em>Caesar</em></span> <span class='ocrx_word' id='word_1_33' title='bbox 1345 531 1462 597; x_wconf 82' lang='lat' dir='ltr'><em>agit.</em></span> <span class='ocrx_word' id='word_1_34' title='bbox 1506 525 1516 534; x_wconf 21' lang='grc' dir='ltr'>ἱ</span> 
     </span>
    </p>
   </div>
   <div class='ocr_carea' id='block_1_5' title="bbox 185 663 928 1541">
    <p class='ocr_par' dir='ltr' id='par_1_5' title="bbox 188 663 923 764">
     <span class='ocr_line' id='line_1_7' title="bbox 188 663 923 700; baseline 0.005 -4"><span class='ocrx_word' id='word_1_35' title='bbox 188 663 288 697; x_wconf 86' lang='lat' dir='ltr'><em>omni</em></span> <span class='ocrx_word' id='word_1_36' title='bbox 297 674 310 696; x_wconf 87' lang='lat'><em>.·</em></span> <span class='ocrx_word' id='word_1_37' title='bbox 333 664 423 697; x_wconf 86' lang='lat' dir='ltr'><em>item</em></span> <span class='ocrx_word' id='word_1_38' title='bbox 440 664 620 698; x_wconf 77' lang='lat' dir='ltr'><em>Raetiam</em></span> <span class='ocrx_word' id='word_1_39' title='bbox 635 666 675 698; x_wconf 88' lang='lat' dir='ltr'><em>et</em></span> <span class='ocrx_word' id='word_1_40' title='bbox 694 665 923 700; x_wconf 79' lang='lat' dir='ltr'><em>Vindelicios</em></span> 
     </span>
     <span class='ocr_line' id='line_1_8' title="bbox 189 720 923 764; baseline 0.005 -13"><span class='ocrx_word' id='word_1_41' title='bbox 189 727 238 751; x_wconf 88' lang='lat' dir='ltr'><em>ac</em></span> <span class='ocrx_word' id='word_1_42' title='bbox 259 720 448 763; x_wconf 81' lang='lat' dir='ltr'><em>Salassos,</em></span> <span class='ocrx_word' id='word_1_43' title='bbox 477 722 606 764; x_wconf 71' lang='lat' dir='ltr'><em>qentes</em></span> <span class='ocrx_word' id='word_1_44' title='bbox 623 720 830 764; x_wconf 82' lang='lat' dir='ltr'><em>inalpinas,</em></span> <span class='ocrx_word' id='word_1_45' title='bbox 854 723 923 755; x_wconf 82' lang='lat' dir='ltr'><em>etc.</em></span> 
     </span>
    </p>

    <p class='ocr_par' dir='ltr' id='par_1_6' title="bbox 185 775 928 1541">
     <span class='ocr_line' id='line_1_9' title="bbox 237 775 924 817; baseline 0.007 -12"><span class='ocrx_word' id='word_1_46' title='bbox 237 775 477 817; x_wconf 77' lang='lat' dir='ltr'><em>Thraciaque</em></span> <span class='ocrx_word' id='word_1_47' title='bbox 514 779 637 810; x_wconf 78' lang='lat' dir='ltr'><em>arma.</em></span> <span class='ocrx_word' id='word_1_48' title='bbox 711 777 840 810; x_wconf 66' lang='lat' dir='ltr'><em>Atrox</em></span> <span class='ocrx_word' id='word_1_49' title='bbox 883 778 924 810; x_wconf 84' lang='lat' dir='ltr'><em>in</em></span> 
     </span>
     <span class='ocr_line' id='line_1_10' title="bbox 199 829 926 874; baseline 0.008 -14"><span class='ocrx_word' id='word_1_50' title='bbox 199 829 368 861; x_wconf 83' lang='lat' dir='ltr'><em>Thracia</em></span> <span class='ocrx_word' id='word_1_51' title='bbox 414 832 550 863; x_wconf 83' lang='lat' dir='ltr'><em>bellum</em></span> <span class='ocrx_word' id='word_1_52' title='bbox 586 833 724 874; x_wconf 83' lang='lat' dir='ltr'><em>ortum,</em></span> <span class='ocrx_word' id='word_1_53' title='bbox 758 833 926 866; x_wconf 86' lang='lat' dir='ltr'><em>omnibus</em></span> 
     </span>
     <span class='ocr_line' id='line_1_11' title="bbox 197 883 925 926; baseline 0.011 -11"><span class='ocrx_word' id='word_1_54' title='bbox 197 883 275 916; x_wconf 78' lang='lat' dir='ltr'><em>eius</em></span> <span class='ocrx_word' id='word_1_55' title='bbox 295 885 418 926; x_wconf 74' lang='lat' dir='ltr'><em>yentis</em></span> <span class='ocrx_word' id='word_1_56' title='bbox 439 888 654 920; x_wconf 80' lang='lat' dir='ltr'><em>nationibus</em></span> <span class='ocrx_word' id='word_1_57' title='bbox 670 889 708 921; x_wconf 77' lang='lat' dir='ltr'><em>in</em></span> <span class='ocrx_word' id='word_1_58' title='bbox 723 899 835 922; x_wconf 87' lang='lat' dir='ltr'><em>arma</em></span> <span class='ocrx_word' id='word_1_59' title='bbox 856 899 925 922; x_wconf 81' lang='lat' dir='ltr'><em>ac-</em></span> 
     </span>
     <span class='ocr_line' id='line_1_12' title="bbox 191 940 928 988; baseline 0.008 -17"><span class='ocrx_word' id='word_1_60' title='bbox 191 940 325 983; x_wconf 65' lang='lat' dir='ltr'><em>censis,</em></span> <span class='ocrx_word' id='word_1_61' title='bbox 355 942 399 974; x_wconf 93' lang='lat' dir='ltr'><em>L.</em></span> <span class='ocrx_word' id='word_1_62' title='bbox 432 943 580 975; x_wconf 80' lang='lat' dir='ltr'><em>Pisonis</em></span> <span class='ocrx_word' id='word_1_63' title='bbox 602 944 728 976; x_wconf 70' lang='lat' dir='ltr'><em>virtus</em></span> <span class='ocrx_word' id='word_1_64' title='bbox 756 944 928 988; x_wconf 82' lang='lat' dir='ltr'><em>(Augusti</em></span> 
     </span>
     <span class='ocr_line' id='line_1_13' title="bbox 194 998 926 1038; baseline 0.007 -11"><span class='ocrx_word' id='word_1_65' title='bbox 194 998 367 1037; x_wconf 85' lang='lat' dir='ltr'><em>auspiciis</em></span> <span class='ocrx_word' id='word_1_66' title='bbox 396 1007 429 1030; x_wconf 83' lang='lat' dir='ltr'>a.</span> <span class='ocrx_word' id='word_1_67' title='bbox 448 1001 488 1031; x_wconf 92' lang='lat' dir='ltr'><em>U.</em></span> <span class='ocrx_word' id='word_1_68' title='bbox 509 999 799 1038; x_wconf 80' lang='lat' dir='ltr'>G-DCCXLIH.)</span> <span class='ocrx_word' id='word_1_69' title='bbox 819 1009 926 1032; x_wconf 85' lang='lat' dir='ltr'><em>com-</em></span> 
     </span>
     <span class='ocr_line' id='line_1_14' title="bbox 185 1052 923 1096; baseline 0.011 -14"><span class='ocrx_word' id='word_1_70' title='bbox 185 1052 348 1094; x_wconf 77' lang='lat' dir='ltr'><em>pressit,</em></span> <span class='ocrx_word' id='word_1_71' title='bbox 378 1057 418 1086; x_wconf 89' lang='lat' dir='ltr'><em>ut</em></span> <span class='ocrx_word' id='word_1_72' title='bbox 446 1057 503 1087; x_wconf 81' lang='lat' dir='ltr'><em>est</em></span> <span class='ocrx_word' id='word_1_73' title='bbox 533 1057 629 1096; x_wconf 86' lang='lat' dir='ltr'><em>apud</em></span> <span class='ocrx_word' id='word_1_74' title='bbox 658 1057 791 1089; x_wconf 80' lang='lat' dir='ltr'><em>Vellei.</em></span> <span class='ocrx_word' id='word_1_75' title='bbox 823 1057 869 1088; x_wconf 83' lang='lat'>11.</span> <span class='ocrx_word' id='word_1_76' title='bbox 894 1066 923 1090; x_wconf 82' lang='lat' dir='ltr'><em>c.</em></span> 
     </span>
     <span class='ocr_line' id='line_1_15' title="bbox 192 1110 924 1149; baseline 0.004 -9"><span class='ocrx_word' id='word_1_77' title='bbox 192 1110 246 1141; x_wconf 84' lang='lat'>98.</span> <span class='ocrx_word' id='word_1_78' title='bbox 298 1110 380 1142; x_wconf 90' lang='lat' dir='ltr'><em>Vid.</em></span> <span class='ocrx_word' id='word_1_79' title='bbox 413 1110 513 1143; x_wconf 84' lang='lat' dir='ltr'><em>Flor.</em></span> <span class='ocrx_word' id='word_1_80' title='bbox 547 1111 610 1143; x_wconf 87' lang='lat' dir='ltr'>1V.</span> <span class='ocrx_word' id='word_1_81' title='bbox 643 1111 799 1143; x_wconf 80' lang='lat' dir='ltr'><em>Thracia</em></span> <span class='ocrx_word' id='word_1_82' title='bbox 829 1113 924 1149; x_wconf 90' lang='lat' dir='ltr'><em>(Ro-</em></span> 
     </span>
     <span class='ocr_line' id='line_1_16' title="bbox 191 1166 924 1208; baseline 0.004 -12"><span class='ocrx_word' id='word_1_83' title='bbox 191 1166 316 1202; x_wconf 82' lang='lat' dir='ltr'><em>mana)</em></span> <span class='ocrx_word' id='word_1_84' title='bbox 345 1168 402 1197; x_wconf 90' lang='lat' dir='ltr'><em>est</em></span> <span class='ocrx_word' id='word_1_85' title='bbox 430 1167 555 1208; x_wconf 81' lang='lat' dir='ltr'><em>regio,</em></span> <span class='ocrx_word' id='word_1_86' title='bbox 586 1174 679 1206; x_wconf 84' lang='lat' dir='ltr'><em>quae</em></span> <span class='ocrx_word' id='word_1_87' title='bbox 710 1170 766 1199; x_wconf 87' lang='lat' dir='ltr'><em>est</em></span> <span class='ocrx_word' id='word_1_88' title='bbox 796 1168 831 1199; x_wconf 89' lang='lat' dir='ltr'><em>in</em></span> <span class='ocrx_word' id='word_1_89' title='bbox 862 1177 924 1207; x_wconf 46' lang='grc' dir='ltr'><em>δεῖ</em></span> 
     </span>
     <span class='ocr_line' id='line_1_17' title="bbox 188 1221 923 1261; baseline 0.005 -9"><span class='ocrx_word' id='word_1_90' title='bbox 188 1221 400 1261; x_wconf 89' lang='lat' dir='ltr'><em>ptentrione</em></span> <span class='ocrx_word' id='word_1_91' title='bbox 428 1221 639 1253; x_wconf 81' lang='lat' dir='ltr'><em>Thessaliae</em></span> <span class='ocrx_word' id='word_1_92' title='bbox 678 1223 716 1254; x_wconf 88' lang='lat' dir='ltr'><em>et</em></span> <span class='ocrx_word' id='word_1_93' title='bbox 745 1225 923 1257; x_wconf 81' lang='lat' dir='ltr'><em>Macedo-</em></span> 
     </span>
     <span class='ocr_line' id='line_1_18' title="bbox 189 1266 925 1319; baseline 0.008 -12"><span class='ocrx_word' id='word_1_94' title='bbox 189 1276 272 1307; x_wconf 83' lang='lat' dir='ltr'><em>niae</em></span> <span class='ocrx_word' id='word_1_95' title='bbox 295 1277 341 1307; x_wconf 86' lang='lat' dir='ltr'><em>ad</em></span> <span class='ocrx_word' id='word_1_96' title='bbox 358 1266 925 1319; x_wconf 58' lang='lat' dir='ltr'><em>Hellespontumss’rop&#39;ontidem</em></span> 
     </span>
     <span class='ocr_line' id='line_1_19' title="bbox 189 1331 925 1373; baseline 0.008 -11"><span class='ocrx_word' id='word_1_97' title='bbox 189 1334 227 1363; x_wconf 88' lang='lat' dir='ltr'><em>et</em></span> <span class='ocrx_word' id='word_1_98' title='bbox 250 1333 403 1364; x_wconf 83' lang='lat' dir='ltr'><strong>Pontum</strong></span> <span class='ocrx_word' id='word_1_99' title='bbox 426 1331 603 1363; x_wconf 81' lang='lat' dir='ltr'><strong>Euxinum</strong></span> <span class='ocrx_word' id='word_1_100' title='bbox 627 1341 738 1373; x_wconf 79' lang='lat' dir='ltr'><em>usque</em></span> <span class='ocrx_word' id='word_1_101' title='bbox 757 1337 802 1366; x_wconf 84' lang='lat' dir='ltr'><em>ad</em></span> <span class='ocrx_word' id='word_1_102' title='bbox 816 1338 925 1368; x_wconf 90' lang='lat' dir='ltr'><em>Moe-</em></span> 
     </span>
     <span class='ocr_line' id='line_1_20' title="bbox 189 1388 925 1422; baseline 0.004 -3"><span class='ocrx_word' id='word_1_103' title='bbox 189 1388 291 1419; x_wconf 77' lang='lat' dir='ltr'><em>siam.</em></span> <span class='ocrx_word' id='word_1_104' title='bbox 335 1388 437 1420; x_wconf 82' lang='lat' dir='ltr'><em>Mela</em></span> <span class='ocrx_word' id='word_1_105' title='bbox 467 1389 512 1419; x_wconf 91' lang='lat'>11.</span> <span class='ocrx_word' id='word_1_106' title='bbox 536 1396 567 1419; x_wconf 93' lang='lat' dir='ltr'><em>c.</em></span> <span class='ocrx_word' id='word_1_107' title='bbox 590 1389 622 1420; x_wconf 81' lang='lat'>2.</span> <span class='ocrx_word' id='word_1_108' title='bbox 668 1390 752 1421; x_wconf 83' lang='lat' dir='ltr'>Pal.</span> <span class='ocrx_word' id='word_1_109' title='bbox 776 1389 807 1422; x_wconf 85' lang='lat'>1.</span> <span class='ocrx_word' id='word_1_110' title='bbox 831 1398 925 1421; x_wconf 86' lang='lat' dir='ltr'><em>cra-</em></span> 
     </span>
     <span class='ocr_line' id='line_1_21' title="bbox 190 1442 924 1486; baseline 0.005 -12"><span class='ocrx_word' id='word_1_111' title='bbox 190 1442 351 1484; x_wconf 86' lang='lat' dir='ltr'><em>ticaque.</em></span> <span class='ocrx_word' id='word_1_112' title='bbox 399 1443 508 1476; x_wconf 86' lang='lat' dir='ltr'><em>Crev.</em></span> <span class='ocrx_word' id='word_1_113' title='bbox 532 1442 756 1486; x_wconf 77' lang='lat' dir='ltr'><em>traiciaque.</em></span> <span class='ocrx_word' id='word_1_114' title='bbox 804 1446 924 1478; x_wconf 81' lang='lat' dir='ltr'><em>Guelf.</em></span> 
     </span>
     <span class='ocr_line' id='line_1_22' title="bbox 190 1498 574 1541; baseline 0.005 -11"><span class='ocrx_word' id='word_1_115' title='bbox 190 1501 228 1531; x_wconf 90' lang='lat' dir='ltr'><em>et</em></span> <span class='ocrx_word' id='word_1_116' title='bbox 250 1498 345 1530; x_wconf 87' lang='lat' dir='ltr'><em>Busl.</em></span> <span class='ocrx_word' id='word_1_117' title='bbox 370 1499 574 1541; x_wconf 76' lang='lat' dir='ltr'><em>terciaque.</em></span> 
     </span>
    </p>
   </div>
   <div class='ocr_carea' id='block_1_6' title="bbox 153 1564 930 2716">
    <p class='ocr_par' dir='ltr' id='par_1_7' title="bbox 153 1564 930 2716">
     <span class='ocr_line' id='line_1_23' title="bbox 234 1564 927 1610; baseline 0.012 -13"><span class='ocrx_word' id='word_1_118' title='bbox 234 1566 310 1598; x_wconf 77' lang='lat'>228.</span> <span class='ocrx_word' id='word_1_119' title='bbox 347 1564 525 1608; x_wconf 74' lang='lat' dir='ltr'><em>Porriyit</em></span> <span class='ocrx_word' id='word_1_120' title='bbox 546 1577 675 1610; x_wconf 87' lang='lat' dir='ltr'><em>arcus,</em></span> <span class='ocrx_word' id='word_1_121' title='bbox 701 1571 770 1602; x_wconf 90' lang='lat' dir='ltr'><em>etc.</em></span> <span class='ocrx_word' id='word_1_122' title='bbox 816 1573 859 1604; x_wconf 82' lang='lat' dir='ltr'>A.</span> <span class='ocrx_word' id='word_1_123' title='bbox 881 1573 927 1605; x_wconf 47' lang='lat' dir='ltr'>U.»</span> 
     </span>
     <span class='ocr_line' id='line_1_24' title="bbox 191 1619 926 1659; baseline 0.007 -5"><span class='ocrx_word' id='word_1_124' title='bbox 191 1619 231 1654; x_wconf 82' lang='lat' dir='ltr'>C.</span> <span class='ocrx_word' id='word_1_125' title='bbox 255 1621 377 1654; x_wconf 87' lang='lat' dir='ltr'>DCCI.</span> <span class='ocrx_word' id='word_1_126' title='bbox 400 1623 449 1653; x_wconf 91' lang='grc' dir='ltr'><em>Μ.</em></span> <span class='ocrx_word' id='word_1_127' title='bbox 474 1623 628 1657; x_wconf 82' lang='lat' dir='ltr'><em>Crassus</em></span> <span class='ocrx_word' id='word_1_128' title='bbox 661 1634 684 1656; x_wconf 88' lang='lat' dir='ltr'>a</span> <span class='ocrx_word' id='word_1_129' title='bbox 718 1627 859 1658; x_wconf 80' lang='lat' dir='ltr'><em>Parthis</em></span> <span class='ocrx_word' id='word_1_130' title='bbox 883 1635 926 1659; x_wconf 92' lang='lat' dir='ltr'><em>e-</em></span> 
     </span>
     <span class='ocr_line' id='line_1_25' title="bbox 190 1678 927 1724; baseline 0.008 -15"><span class='ocrx_word' id='word_1_131' title='bbox 190 1679 252 1709; x_wconf 79' lang='lat' dir='ltr'><em>rat</em></span> <span class='ocrx_word' id='word_1_132' title='bbox 274 1678 417 1710; x_wconf 86' lang='lat' dir='ltr'><em>occisus</em></span> <span class='ocrx_word' id='word_1_133' title='bbox 450 1680 706 1722; x_wconf 79' lang='lat' dir='ltr'><em>exercitusque</em></span> <span class='ocrx_word' id='word_1_134' title='bbox 736 1682 813 1716; x_wconf 85' lang='lat' dir='ltr'><em>eius</em></span> <span class='ocrx_word' id='word_1_135' title='bbox 835 1690 927 1724; x_wconf 84' lang='lat' dir='ltr'><em>par-</em></span> 
     </span>
     <span class='ocr_line' id='line_1_26' title="bbox 192 1734 927 1777; baseline 0.01 -13"><span class='ocrx_word' id='word_1_136' title='bbox 192 1734 257 1764; x_wconf 91' lang='lat' dir='ltr'><em>tim</em></span> <span class='ocrx_word' id='word_1_137' title='bbox 289 1734 452 1775; x_wconf 84' lang='lat' dir='ltr'><em>deletus,</em></span> <span class='ocrx_word' id='word_1_138' title='bbox 494 1735 627 1774; x_wconf 81' lang='lat' dir='ltr'><em>partim</em></span> <span class='ocrx_word' id='word_1_139' title='bbox 661 1739 801 1777; x_wconf 82' lang='lat' dir='ltr'><em>captus.</em></span> <span class='ocrx_word' id='word_1_140' title='bbox 858 1738 927 1771; x_wconf 91' lang='lat' dir='ltr'><em>Dio</em></span> 
     </span>
     <span class='ocr_line' id='line_1_27' title="bbox 191 1780 927 1831; baseline 0.007 -11"><span class='ocrx_word' id='word_1_141' title='bbox 191 1790 267 1821; x_wconf 83' lang='lat' dir='ltr'>XL.</span> <span class='ocrx_word' id='word_1_142' title='bbox 300 1797 331 1820; x_wconf 88' lang='lat' dir='ltr'><em>c.</em></span> <span class='ocrx_word' id='word_1_143' title='bbox 360 1788 414 1820; x_wconf 81' lang='lat'>21.</span> <span class='ocrx_word' id='word_1_144' title='bbox 447 1780 560 1831; x_wconf 50' lang='lat' dir='ltr'><em>seqq„</em></span> <span class='ocrx_word' id='word_1_145' title='bbox 591 1790 726 1822; x_wconf 77' lang='lat' dir='ltr'><em>venei.</em></span> <span class='ocrx_word' id='word_1_146' title='bbox 749 1793 793 1823; x_wconf 90' lang='lat'>11.</span> <span class='ocrx_word' id='word_1_147' title='bbox 819 1800 849 1824; x_wconf 90' lang='lat' dir='ltr'>c.</span> <span class='ocrx_word' id='word_1_148' title='bbox 872 1793 927 1825; x_wconf 81' lang='lat'><em>46.</em></span> 
     </span>
     <span class='ocr_line' id='line_1_28' title="bbox 191 1845 927 1880; baseline 0.007 -5"><span class='ocrx_word' id='word_1_149' title='bbox 191 1845 327 1876; x_wconf 85' lang='lat' dir='ltr'><em>Postea</em></span> <span class='ocrx_word' id='word_1_150' title='bbox 350 1845 576 1877; x_wconf 87' lang='lat' dir='ltr'>DCCXVIII.</span> <span class='ocrx_word' id='word_1_151' title='bbox 601 1847 651 1878; x_wconf 91' lang='lat' dir='ltr'><em>M.</em></span> <span class='ocrx_word' id='word_1_152' title='bbox 669 1847 846 1879; x_wconf 84' lang='lat' dir='ltr'><em>Antonius</em></span> <span class='ocrx_word' id='word_1_153' title='bbox 868 1848 927 1880; x_wconf 82' lang='lat' dir='ltr'><em>al-</em></span> 
     </span>
     <span class='ocr_line' id='line_1_29' title="bbox 193 1899 927 1942; baseline 0.008 -12"><span class='ocrx_word' id='word_1_154' title='bbox 193 1901 308 1931; x_wconf 81' lang='lat' dir='ltr'><strong>teram</strong></span> <span class='ocrx_word' id='word_1_155' title='bbox 340 1899 385 1930; x_wconf 78' lang='lat' dir='ltr'><em>ab</em></span> <span class='ocrx_word' id='word_1_156' title='bbox 414 1899 458 1930; x_wconf 89' lang='lat' dir='ltr'><em>iis</em></span> <span class='ocrx_word' id='word_1_157' title='bbox 493 1901 631 1931; x_wconf 85' lang='lat' dir='ltr'>cladem</span> <span class='ocrx_word' id='word_1_158' title='bbox 656 1903 810 1942; x_wconf 83' lang='lat' dir='ltr'><em>accepit.</em></span> <span class='ocrx_word' id='word_1_159' title='bbox 855 1905 927 1936; x_wconf 89' lang='lat' dir='ltr'><em>Dio</em></span> 
     </span>
     <span class='ocr_line' id='line_1_30' title="bbox 191 1955 928 1999; baseline 0.001 -12"><span class='ocrx_word' id='word_1_160' title='bbox 191 1956 284 1987; x_wconf 78' lang='lat' dir='ltr'><em>xm.</em></span> <span class='ocrx_word' id='word_1_161' title='bbox 307 1955 362 1986; x_wconf 82' lang='lat'><em>25.</em></span> <span class='ocrx_word' id='word_1_162' title='bbox 377 1961 475 1994; x_wconf 85' lang='lat' dir='ltr'><em>seqq.</em></span> <span class='ocrx_word' id='word_1_163' title='bbox 521 1956 591 1986; x_wconf 83' lang='lat' dir='ltr'><em>Sed</em></span> <span class='ocrx_word' id='word_1_164' title='bbox 608 1963 639 1986; x_wconf 79' lang='lat' dir='ltr'>a.</span> <span class='ocrx_word' id='word_1_165' title='bbox 656 1957 928 1999; x_wconf 80' lang='lat' dir='ltr'>DCCXXXJV.‚</span> 
     </span>
     <span class='ocr_line' id='line_1_31' title="bbox 153 2002 927 2058; baseline 0.005 -19"><span class='ocrx_word' id='word_1_166' title='bbox 153 2052 156 2053; x_wconf 19' lang='lat'><em>⁷</em></span> <span class='ocrx_word' id='word_1_167' title='bbox 194 2002 306 2050; x_wconf 82' lang='lat' dir='ltr'><em>quum</em></span> <span class='ocrx_word' id='word_1_168' title='bbox 325 2007 474 2041; x_wconf 72' lang='lat' dir='ltr'><em>Caesar</em></span> <span class='ocrx_word' id='word_1_169' title='bbox 501 2008 541 2040; x_wconf 80' lang='lat' dir='ltr'><em>in</em></span> <span class='ocrx_word' id='word_1_170' title='bbox 563 2010 718 2058; x_wconf 70' lang='lat' dir='ltr'><em>Syriam</em></span> <span class='ocrx_word' id='word_1_171' title='bbox 748 2011 801 2042; x_wconf 81' lang='lat' dir='ltr'><em>ad</em></span> <span class='ocrx_word' id='word_1_172' title='bbox 823 2019 927 2043; x_wconf 82' lang='lat' dir='ltr'><em>com-</em></span> 
     </span>
     <span class='ocr_line' id='line_1_32' title="bbox 191 2062 928 2105; baseline 0.003 -9"><span class='ocrx_word' id='word_1_173' title='bbox 191 2066 407 2105; x_wconf 77' lang='lat' dir='ltr'><em>ponendum</em></span> <span class='ocrx_word' id='word_1_174' title='bbox 439 2062 597 2096; x_wconf 81' lang='lat' dir='ltr'><em>orientis</em></span> <span class='ocrx_word' id='word_1_175' title='bbox 629 2066 771 2097; x_wconf 80' lang='lat' dir='ltr'><em>statum</em></span> <span class='ocrx_word' id='word_1_176' title='bbox 801 2065 928 2098; x_wconf 77' lang='lat' dir='ltr'><em>venis-</em></span> 
     </span>
     <span class='ocr_line' id='line_1_33' title="bbox 187 2115 930 2164; baseline 0.005 -13"><span class='ocrx_word' id='word_1_177' title='bbox 187 2120 270 2162; x_wconf 73' lang='lat' dir='ltr'><em>set,</em></span> <span class='ocrx_word' id='word_1_178' title='bbox 299 2120 437 2151; x_wconf 85' lang='lat' dir='ltr'><em>metum</em></span> <span class='ocrx_word' id='word_1_179' title='bbox 469 2119 634 2152; x_wconf 80' lang='lat' dir='ltr'><em>Phraati</em></span> <span class='ocrx_word' id='word_1_180' title='bbox 665 2120 841 2164; x_wconf 79' lang='lat' dir='ltr'><em>incussit,</em></span> <span class='ocrx_word' id='word_1_181' title='bbox 881 2115 930 2155; x_wconf 77' lang='lat' dir='ltr'><em>&#39;ne</em></span> 
     </span>
     <span class='ocr_line' id='line_1_34' title="bbox 195 2174 928 2218; baseline 0.007 -12"><span class='ocrx_word' id='word_1_182' title='bbox 195 2175 335 2207; x_wconf 84' lang='lat' dir='ltr'><em>bellum</em></span> <span class='ocrx_word' id='word_1_183' title='bbox 381 2174 569 2207; x_wconf 79' lang='lat' dir='ltr'><em>Parthiae</em></span> <span class='ocrx_word' id='word_1_184' title='bbox 613 2174 762 2218; x_wconf 79' lang='lat' dir='ltr'><em>inferre</em></span> <span class='ocrx_word' id='word_1_185' title='bbox 803 2178 928 2211; x_wconf 85' lang='lat' dir='ltr'><em>vellet.</em></span> 
     </span>
     <span class='ocr_line' id='line_1_35' title="bbox 195 2229 928 2271; baseline 0.004 -9"><span class='ocrx_word' id='word_1_186' title='bbox 195 2230 333 2271; x_wconf 81' lang='lat' dir='ltr'><em>Itaque</em></span> <span class='ocrx_word' id='word_1_187' title='bbox 357 2230 440 2262; x_wconf 88' lang='lat' dir='ltr'><em>tota</em></span> <span class='ocrx_word' id='word_1_188' title='bbox 462 2229 628 2262; x_wconf 77' lang='lat' dir='ltr'><em>Parthia</em></span> <span class='ocrx_word' id='word_1_189' title='bbox 649 2232 845 2264; x_wconf 86' lang='lat' dir='ltr'><em>recollecti</em></span> <span class='ocrx_word' id='word_1_190' title='bbox 860 2241 928 2265; x_wconf 86' lang='lat' dir='ltr'><em>ca-</em></span> 
     </span>
     <span class='ocr_line' id='line_1_36' title="bbox 192 2285 929 2327; baseline 0.001 -9"><span class='ocrx_word' id='word_1_191' title='bbox 192 2286 292 2327; x_wconf 78' lang='lat' dir='ltr'><em>ptivi</em></span> <span class='ocrx_word' id='word_1_192' title='bbox 314 2295 362 2322; x_wconf 63' lang='lat' dir='ltr'><em>ex</em></span> <span class='ocrx_word' id='word_1_193' title='bbox 386 2285 592 2319; x_wconf 72' lang='lat' dir='ltr'><em>Crassiana</em></span> <span class='ocrx_word' id='word_1_194' title='bbox 615 2286 694 2318; x_wconf 84' lang='lat' dir='ltr'><em>sive</em></span> <span class='ocrx_word' id='word_1_195' title='bbox 713 2286 929 2320; x_wconf 83' lang='lat' dir='ltr'><em>Antoniano</em></span> 
     </span>
     <span class='ocr_line' id='line_1_37' title="bbox 195 2341 929 2383; baseline 0.003 -10"><span class='ocrx_word' id='word_1_196' title='bbox 195 2341 369 2374; x_wconf 65' lang='lat' dir='ltr'><em>exercitu</em></span> <span class='ocrx_word' id='word_1_197' title='bbox 391 2341 573 2383; x_wconf 70' lang='lat' dir='ltr'><em>siynaque</em></span> <span class='ocrx_word' id='word_1_198' title='bbox 596 2350 681 2374; x_wconf 89' lang='lat' dir='ltr'><em>cum</em></span> <span class='ocrx_word' id='word_1_199' title='bbox 703 2342 761 2374; x_wconf 86' lang='lat' dir='ltr'><em>his</em></span> <span class='ocrx_word' id='word_1_200' title='bbox 782 2342 929 2375; x_wconf 82' lang='lat' dir='ltr'><em>milita-</em></span> 
     </span>
     <span class='ocr_line' id='line_1_38' title="bbox 194 2397 928 2438; baseline 0.004 -9"><span class='ocrx_word' id='word_1_201' title='bbox 194 2397 260 2429; x_wconf 81' lang='lat' dir='ltr'><em>ria</em></span> <span class='ocrx_word' id='word_1_202' title='bbox 281 2397 451 2438; x_wconf 69' lang='lat' dir='ltr'><em>Auyusto</em></span> <span class='ocrx_word' id='word_1_203' title='bbox 474 2397 645 2430; x_wconf 80' lang='lat' dir='ltr'><em>remissa.</em></span> <span class='ocrx_word' id='word_1_204' title='bbox 668 2400 794 2431; x_wconf 82' lang='lat' dir='ltr'><em>lustin.</em></span> <span class='ocrx_word' id='word_1_205' title='bbox 818 2401 928 2432; x_wconf 83' lang='lat' dir='ltr'>XLII.</span> 
     </span>
     <span class='ocr_line' id='line_1_39' title="bbox 197 2453 928 2498; baseline 0.003 -13"><span class='ocrx_word' id='word_1_206' title='bbox 197 2462 229 2485; x_wconf 90' lang='lat' dir='ltr'><em>c.</em></span> <span class='ocrx_word' id='word_1_207' title='bbox 253 2456 284 2485; x_wconf 80' lang='lat'>5.</span> <span class='ocrx_word' id='word_1_208' title='bbox 330 2453 412 2485; x_wconf 86' lang='lat' dir='ltr'><em>Vid.</em></span> <span class='ocrx_word' id='word_1_209' title='bbox 437 2454 545 2486; x_wconf 82' lang='lat' dir='ltr'><em>etiam</em></span> <span class='ocrx_word' id='word_1_210' title='bbox 568 2455 667 2486; x_wconf 75' lang='lat' dir='ltr'><em>suet.</em></span> <span class='ocrx_word' id='word_1_211' title='bbox 697 2455 774 2487; x_wconf 84' lang='lat' dir='ltr'><em>Oct.</em></span> <span class='ocrx_word' id='word_1_212' title='bbox 800 2464 830 2487; x_wconf 89' lang='lat' dir='ltr'><em>c.</em></span> <span class='ocrx_word' id='word_1_213' title='bbox 857 2456 928 2498; x_wconf 65' lang='lat'><em>21„</em></span> 
     </span>
     <span class='ocr_line' id='line_1_40' title="bbox 195 2509 930 2551; baseline 0 -10"><span class='ocrx_word' id='word_1_214' title='bbox 195 2509 329 2541; x_wconf 87' lang='lat' dir='ltr'><em>Vellei.</em></span> <span class='ocrx_word' id='word_1_215' title='bbox 343 2509 387 2539; x_wconf 93' lang='lat'>11.</span> <span class='ocrx_word' id='word_1_216' title='bbox 400 2516 431 2539; x_wconf 88' lang='lat' dir='ltr'><em>e.</em></span> <span class='ocrx_word' id='word_1_217' title='bbox 451 2509 504 2541; x_wconf 85' lang='lat'>46.</span> <span class='ocrx_word' id='word_1_218' title='bbox 529 2510 597 2551; x_wconf 63' lang='lat'><em>94„</em></span> <span class='ocrx_word' id='word_1_219' title='bbox 620 2510 688 2542; x_wconf 92' lang='lat' dir='ltr'><em>Dio</em></span> <span class='ocrx_word' id='word_1_220' title='bbox 711 2511 786 2541; x_wconf 85' lang='lat' dir='ltr'>XL.</span> <span class='ocrx_word' id='word_1_221' title='bbox 806 2519 837 2541; x_wconf 91' lang='lat' dir='ltr'><em>c.</em></span> <span class='ocrx_word' id='word_1_222' title='bbox 860 2510 930 2551; x_wconf 64' lang='lat'><em>21„</em></span> 
     </span>
     <span class='ocr_line' id='line_1_41' title="bbox 194 2564 929 2607; baseline 0.001 -11"><span class='ocrx_word' id='word_1_223' title='bbox 194 2564 290 2596; x_wconf 88' lang='lat' dir='ltr'>LIV.</span> <span class='ocrx_word' id='word_1_224' title='bbox 310 2572 340 2594; x_wconf 91' lang='lat' dir='ltr'><em>c.</em></span> <span class='ocrx_word' id='word_1_225' title='bbox 364 2564 417 2604; x_wconf 85' lang='grc'><em>8.,</em></span> <span class='ocrx_word' id='word_1_226' title='bbox 441 2565 540 2596; x_wconf 82' lang='lat' dir='ltr'><em>Flor.</em></span> <span class='ocrx_word' id='word_1_227' title='bbox 564 2567 625 2598; x_wconf 86' lang='lat'>111.</span> <span class='ocrx_word' id='word_1_228' title='bbox 651 2573 681 2596; x_wconf 87' lang='lat' dir='ltr'><em>c.</em></span> <span class='ocrx_word' id='word_1_229' title='bbox 707 2565 781 2607; x_wconf 87' lang='lat'>11.,</span> <span class='ocrx_word' id='word_1_230' title='bbox 810 2566 873 2598; x_wconf 90' lang='lat' dir='ltr'>IV.</span> <span class='ocrx_word' id='word_1_231' title='bbox 898 2574 929 2597; x_wconf 89' lang='lat' dir='ltr'><em>c.</em></span> 
     </span>
     <span class='ocr_line' id='line_1_42' title="bbox 196 2619 929 2653; baseline 0.003 -2"><span class='ocrx_word' id='word_1_232' title='bbox 196 2619 249 2651; x_wconf 89' lang='lat'>10.</span> <span class='ocrx_word' id='word_1_233' title='bbox 295 2619 408 2650; x_wconf 84' lang='lat' dir='ltr'><em>Huius</em></span> <span class='ocrx_word' id='word_1_234' title='bbox 430 2619 611 2652; x_wconf 84' lang='lat' dir='ltr'><em>victoriae</em></span> <span class='ocrx_word' id='word_1_235' title='bbox 637 2622 716 2653; x_wconf 90' lang='lat' dir='ltr'><em>sive</em></span> <span class='ocrx_word' id='word_1_236' title='bbox 738 2629 929 2653; x_wconf 82' lang='lat' dir='ltr'><em>successus</em></span> 
     </span>
     <span class='ocr_line' id='line_1_43' title="bbox 196 2674 929 2716; baseline 0.001 -9"><span class='ocrx_word' id='word_1_237' title='bbox 196 2676 322 2716; x_wconf 74' lang='lat' dir='ltr'><em>plena&#39;</em></span> <span class='ocrx_word' id='word_1_238' title='bbox 342 2678 427 2706; x_wconf 80' lang='lat' dir='ltr'><em>sunt</em></span> <span class='ocrx_word' id='word_1_239' title='bbox 455 2674 553 2706; x_wconf 86' lang='lat' dir='ltr'><em>illius</em></span> <span class='ocrx_word' id='word_1_240' title='bbox 595 2677 727 2708; x_wconf 81' lang='lat' dir='ltr'><em>aetatis</em></span> <span class='ocrx_word' id='word_1_241' title='bbox 759 2676 929 2708; x_wconf 85' lang='lat' dir='ltr'><em>carmina.</em></span> 
     </span>
    </p>
   </div>
   <div class='ocr_carea' id='block_1_7' title="bbox 195 2728 937 2774">
    <p class='ocr_par' dir='ltr' id='par_1_8' title="bbox 195 2728 937 2774">
     <span class='ocr_line' id='line_1_44' title="bbox 195 2728 937 2774; baseline -0.003 -10"><span class='ocrx_word' id='word_1_242' title='bbox 195 2731 278 2764; x_wconf 90' lang='lat' dir='ltr'><em>Vid.</em></span> <span class='ocrx_word' id='word_1_243' title='bbox 302 2732 392 2763; x_wconf 81' lang='lat' dir='ltr'><em>Hor.</em></span> <span class='ocrx_word' id='word_1_244' title='bbox 416 2728 480 2763; x_wconf 87' lang='lat' dir='ltr'><em>Od.</em></span> <span class='ocrx_word' id='word_1_245' title='bbox 504 2730 575 2771; x_wconf 83' lang='lat' dir='ltr'><em>IV,</em></span> <span class='ocrx_word' id='word_1_246' title='bbox 598 2730 732 2774; x_wconf 78' lang='lat'><em>15,&#39;6.,</em></span> <span class='ocrx_word' id='word_1_247' title='bbox 754 2732 869 2772; x_wconf 85' lang='lat' dir='ltr'><em>Epist.</em></span> <span class='ocrx_word' id='word_1_248' title='bbox 896 2731 937 2771; x_wconf 75' lang='grc' dir='ltr'><em>Ι,</em></span> 
     </span>
    </p>
   </div>
   <div class='ocr_carea' id='block_1_8' title="bbox 196 2786 930 2874">
    <p class='ocr_par' dir='ltr' id='par_1_9' title="bbox 196 2786 930 2874">
     <span class='ocr_line' id='line_1_45' title="bbox 198 2786 930 2828; baseline -0.003 -10"><span class='ocrx_word' id='word_1_249' title='bbox 198 2787 255 2828; x_wconf 81' lang='lat'><em>18,</em></span> <span class='ocrx_word' id='word_1_250' title='bbox 277 2787 347 2828; x_wconf 62' lang='lat'><em>56„</em></span> <span class='ocrx_word' id='word_1_251' title='bbox 370 2786 450 2819; x_wconf 78' lang='lat' dir='ltr'><em>Art.</em></span> <span class='ocrx_word' id='word_1_252' title='bbox 474 2787 519 2818; x_wconf 69' lang='lat' dir='ltr'><em>As</em></span> <span class='ocrx_word' id='word_1_253' title='bbox 540 2786 572 2828; x_wconf 91' lang='lat'><em>1,</em></span> <span class='ocrx_word' id='word_1_254' title='bbox 598 2786 671 2819; x_wconf 79' lang='lat'>176.</span> <span class='ocrx_word' id='word_1_255' title='bbox 696 2786 861 2819; x_wconf 72' lang='lat' dir='ltr'><em>—‘Fast.</em></span> <span class='ocrx_word' id='word_1_256' title='bbox 878 2786 930 2826; x_wconf 90' lang='lat' dir='ltr'><em>v,</em></span> 
     </span>
     <span class='ocr_line' id='line_1_46' title="bbox 196 2839 574 2874; baseline -0.003 0"><span class='ocrx_word' id='word_1_257' title='bbox 196 2842 271 2874; x_wconf 75' lang='grc'><strong><em>593.</em></strong></span> <span class='ocrx_word' id='word_1_258' title='bbox 571 2839 574 2846; x_wconf 80' lang='grc'><strong>’</strong></span> 
     </span>
    </p>
   </div>
   <div class='ocr_carea' id='block_1_9' title="bbox 1623 533 1722 584">
    <p class='ocr_par' dir='ltr' id='par_1_10' title="bbox 1623 533 1722 584">
     <span class='ocr_line' id='line_1_47' title="bbox 1623 533 1722 584; baseline 0 -1"><span class='ocrx_word' id='word_1_259' title='bbox 1623 533 1722 584; x_wconf 79' lang='lat'><em>230</em></span> 
     </span>
    </p>
   </div>
   <div class='ocr_carea' id='block_1_10' title="bbox 1054 663 1724 744">
    <p class='ocr_par' dir='ltr' id='par_1_11' title="bbox 1054 663 1724 744">
     <span class='ocr_line' id='line_1_48' title="bbox 1054 663 1724 700; baseline 0.001 -8"><span class='ocrx_word' id='word_1_260' title='bbox 1054 664 1166 692; x_wconf 78' lang='lat' dir='ltr'><em>Partho</em></span> <span class='ocrx_word' id='word_1_261' title='bbox 1189 663 1287 692; x_wconf 82' lang='lat' dir='ltr'><em>refers</em></span> <span class='ocrx_word' id='word_1_262' title='bbox 1313 663 1447 699; x_wconf 73' lang='lat' dir='ltr'><em>aquiias,</em></span> <span class='ocrx_word' id='word_1_263' title='bbox 1482 663 1581 692; x_wconf 81' lang='lat' dir='ltr'><em>victos</em></span> <span class='ocrx_word' id='word_1_264' title='bbox 1605 671 1724 700; x_wconf 83' lang='lat' dir='ltr'><em>quoqne</em></span> 
     </span>
     <span class='ocr_line' id='line_1_49' title="bbox 1386 709 1649 744; baseline 0 -7"><span class='ocrx_word' id='word_1_265' title='bbox 1386 709 1520 744; x_wconf 84' lang='lat' dir='ltr'><em>porrigis</em></span> <span class='ocrx_word' id='word_1_266' title='bbox 1538 716 1649 737; x_wconf 79' lang='lat' dir='ltr'><em>arcus.-</em></span> 
     </span>
    </p>
   </div>
   <div class='ocr_carea' id='block_1_11' title="bbox 992 777 1781 820">
    <p class='ocr_par' dir='ltr' id='par_1_12' title="bbox 992 777 1781 820">
     <span class='ocr_line' id='line_1_50' title="bbox 992 777 1781 820; baseline 0 -10"><span class='ocrx_word' id='word_1_267' title='bbox 992 777 1162 811; x_wconf 83' lang='lat' dir='ltr'><em>Ceterum</em></span> <span class='ocrx_word' id='word_1_268' title='bbox 1189 779 1314 812; x_wconf 78' lang='lat' dir='ltr'><em>Parthi</em></span> <span class='ocrx_word' id='word_1_269' title='bbox 1342 780 1442 820; x_wconf 87' lang='lat' dir='ltr'><em>equis</em></span> <span class='ocrx_word' id='word_1_270' title='bbox 1471 780 1552 811; x_wconf 86' lang='lat' dir='ltr'><em>fere</em></span> <span class='ocrx_word' id='word_1_271' title='bbox 1587 778 1724 811; x_wconf 76' lang='lat' dir='ltr'><em>milita·</em></span> <span class='ocrx_word' id='word_1_272' title='bbox 1766 795 1781 806; x_wconf 39' lang='grc' dir='ltr'><em>κ.</em></span> 
     </span>
    </p>
   </div>
   <div class='ocr_carea' id='block_1_12' title="bbox 990 832 1726 1260">
    <p class='ocr_par' dir='ltr' id='par_1_13' title="bbox 990 832 1726 1210">
     <span class='ocr_line' id='line_1_51' title="bbox 991 832 1724 875; baseline 0.004 -12"><span class='ocrx_word' id='word_1_273' title='bbox 991 832 1094 875; x_wconf 77' lang='lat' dir='ltr'><em>bant,</em></span> <span class='ocrx_word' id='word_1_274' title='bbox 1117 836 1155 865; x_wconf 87' lang='lat' dir='ltr'><em>et</em></span> <span class='ocrx_word' id='word_1_275' title='bbox 1177 834 1348 875; x_wconf 78' lang='lat' dir='ltr'><em>imprImis</em></span> <span class='ocrx_word' id='word_1_276' title='bbox 1378 834 1559 868; x_wconf 89' lang='lat' dir='ltr'><em>metuendi</em></span> <span class='ocrx_word' id='word_1_277' title='bbox 1581 834 1724 875; x_wconf 79' lang='lat' dir='ltr'><em>sagittis</em></span> 
     </span>
     <span class='ocr_line' id='line_1_52' title="bbox 994 890 1725 931; baseline 0.004 -12"><span class='ocrx_word' id='word_1_278' title='bbox 994 891 1111 930; x_wconf 86' lang='lat' dir='ltr'><em>erant,</em></span> <span class='ocrx_word' id='word_1_279' title='bbox 1143 890 1270 930; x_wconf 88' lang='lat' dir='ltr'><em>quibus</em></span> <span class='ocrx_word' id='word_1_280' title='bbox 1299 890 1469 923; x_wconf 81' lang='lat' dir='ltr'><em>simulata</em></span> <span class='ocrx_word' id='word_1_281' title='bbox 1501 890 1591 931; x_wconf 77' lang='lat' dir='ltr'><em>fuga</em></span> <span class='ocrx_word' id='word_1_282' title='bbox 1620 894 1725 930; x_wconf 77' lang='lat' dir='ltr'><em>retro</em></span> 
     </span>
     <span class='ocr_line' id='line_1_53' title="bbox 993 943 1725 987; baseline 0.005 -13"><span class='ocrx_word' id='word_1_283' title='bbox 993 943 1121 975; x_wconf 79' lang='lat' dir='ltr'><em>missis·</em></span> <span class='ocrx_word' id='word_1_284' title='bbox 1133 944 1273 978; x_wconf 86' lang='lat' dir='ltr'><em>hostem</em></span> <span class='ocrx_word' id='word_1_285' title='bbox 1284 945 1430 977; x_wconf 85' lang='lat' dir='ltr'><em>incaute</em></span> <span class='ocrx_word' id='word_1_286' title='bbox 1449 947 1725 987; x_wconf 81' lang='lat' dir='ltr'><em>persequentem</em></span> 
     </span>
     <span class='ocr_line' id='line_1_54' title="bbox 994 999 1724 1044; baseline 0.007 -14"><span class='ocrx_word' id='word_1_287' title='bbox 994 999 1207 1033; x_wconf 82' lang='lat' dir='ltr'><em>obruebant.</em></span> <span class='ocrx_word' id='word_1_288' title='bbox 1258 1000 1466 1033; x_wconf 82' lang='lat' dir='ltr'><em>1ust.‘XLI.</em></span> <span class='ocrx_word' id='word_1_289' title='bbox 1502 1001 1601 1044; x_wconf 85' lang='lat' dir='ltr'><em>init.,</em></span> <span class='ocrx_word' id='word_1_290' title='bbox 1634 1003 1724 1035; x_wconf 84' lang='lat' dir='ltr'><em>Hor.</em></span> 
     </span>
     <span class='ocr_line' id='line_1_55' title="bbox 993 1055 1723 1099; baseline 0 -11"><span class='ocrx_word' id='word_1_291' title='bbox 993 1055 1056 1088; x_wconf 87' lang='lat' dir='ltr'><em>Od.</em></span> <span class='ocrx_word' id='word_1_292' title='bbox 1080 1057 1111 1098; x_wconf 88' lang='lat'><em>1,</em></span> <span class='ocrx_word' id='word_1_293' title='bbox 1147 1056 1316 1099; x_wconf 86' lang='grc'><em>19,’11.,</em></span> <span class='ocrx_word' id='word_1_294' title='bbox 1348 1057 1397 1098; x_wconf 86' lang='lat' dir='ltr'><em>n,</em></span> <span class='ocrx_word' id='word_1_295' title='bbox 1433 1056 1591 1099; x_wconf 80' lang='lat'>13‚.17.,</span> <span class='ocrx_word' id='word_1_296' title='bbox 1614 1058 1723 1097; x_wconf 82' lang='lat' dir='ltr'><em>Prop.</em></span> 
     </span>
     <span class='ocr_line' id='line_1_56' title="bbox 991 1112 1724 1155; baseline 0 -12"><span class='ocrx_word' id='word_1_297' title='bbox 991 1112 1070 1153; x_wconf 88' lang='lat' dir='ltr'><em>IV,</em></span> <span class='ocrx_word' id='word_1_298' title='bbox 1101 1114 1142 1154; x_wconf 86' lang='lat'><em>3,</em></span> <span class='ocrx_word' id='word_1_299' title='bbox 1174 1114 1251 1154; x_wconf 59' lang='lat'><em>66„</em></span> <span class='ocrx_word' id='word_1_300' title='bbox 1288 1112 1355 1144; x_wconf 85' lang='lat' dir='ltr'>Ov.</span> <span class='ocrx_word' id='word_1_301' title='bbox 1383 1114 1467 1144; x_wconf 78' lang='lat' dir='ltr'><em>Art.</em></span> <span class='ocrx_word' id='word_1_302' title='bbox 1496 1114 1538 1145; x_wconf 87' lang='lat' dir='ltr'>A.</span> <span class='ocrx_word' id='word_1_303' title='bbox 1570 1114 1602 1155; x_wconf 89' lang='lat' dir='ltr'><em>I,</em></span> <span class='ocrx_word' id='word_1_304' title='bbox 1631 1112 1724 1153; x_wconf 67' lang='lat'><em>209„</em></span> 
     </span>
     <span class='ocr_line' id='line_1_57' title="bbox 990 1165 1726 1210; baseline 0.003 -13"><span class='ocrx_word' id='word_1_305' title='bbox 990 1165 1093 1198; x_wconf 82' lang='lat' dir='ltr'><em>Fast.</em></span> <span class='ocrx_word' id='word_1_306' title='bbox 1117 1167 1168 1209; x_wconf 89' lang='lat' dir='ltr'><em>V,</em></span> <span class='ocrx_word' id='word_1_307' title='bbox 1191 1168 1284 1210; x_wconf 61' lang='lat'><em>592,</em></span> <span class='ocrx_word' id='word_1_308' title='bbox 1306 1166 1410 1209; x_wconf 85' lang='lat' dir='ltr'><em>Virg.</em></span> <span class='ocrx_word' id='word_1_309' title='bbox 1431 1169 1566 1208; x_wconf 84' lang='lat' dir='ltr'><em>Georg.</em></span> <span class='ocrx_word' id='word_1_310' title='bbox 1588 1169 1654 1210; x_wconf 88' lang='lat'><em>111,</em></span> <span class='ocrx_word' id='word_1_311' title='bbox 1672 1167 1726 1200; x_wconf 85' lang='lat'>31.</span> 
     </span>
    </p>

    <p class='ocr_par' dir='ltr' id='par_1_14' title="bbox 1034 1221 1723 1260">
     <span class='ocr_line' id='line_1_58' title="bbox 1034 1221 1723 1260; baseline 0 -6"><span class='ocrx_word' id='word_1_312' title='bbox 1034 1221 1254 1254; x_wconf 72' lang='lat' dir='ltr'><em>Armeniam</em></span> <span class='ocrx_word' id='word_1_313' title='bbox 1275 1224 1440 1257; x_wconf 82' lang='lat' dir='ltr'><em>Tiberius</em></span> <span class='ocrx_word' id='word_1_314' title='bbox 1465 1226 1577 1260; x_wconf 84' lang='lat' dir='ltr'><em>(anno</em></span> <span class='ocrx_word' id='word_1_315' title='bbox 1607 1225 1648 1256; x_wconf 87' lang='lat' dir='ltr'>U.</span> <span class='ocrx_word' id='word_1_316' title='bbox 1683 1223 1723 1257; x_wconf 86' lang='lat' dir='ltr'>C.</span> 
     </span>
    </p>
   </div>
   <div class='ocr_carea' id='block_1_13' title="bbox 968 1278 1725 1326">
    <p class='ocr_par' dir='ltr' id='par_1_15' title="bbox 968 1278 1725 1326">
     <span class='ocr_line' id='line_1_59' title="bbox 968 1278 1725 1326; baseline -0.001 -15"><span class='ocrx_word' id='word_1_317' title='bbox 968 1279 1250 1326; x_wconf 26' lang='lat' dir='ltr'><strong>*DCCXXXVQ</strong></span> <span class='ocrx_word' id='word_1_318' title='bbox 1289 1279 1435 1320; x_wconf 86' lang='lat' dir='ltr'><em>redegit</em></span> <span class='ocrx_word' id='word_1_319' title='bbox 1467 1278 1515 1310; x_wconf 52' lang='lat' dir='ltr'><em>4ss</em></span> <span class='ocrx_word' id='word_1_320' title='bbox 1558 1279 1725 1319; x_wconf 80' lang='lat' dir='ltr'><em>potesta-</em></span> 
     </span>
    </p>
   </div>
   <div class='ocr_carea' id='block_1_14' title="bbox 992 1334 1727 1484">
    <p class='ocr_par' dir='ltr' id='par_1_16' title="bbox 992 1334 1727 1484">
     <span class='ocr_line' id='line_1_60' title="bbox 992 1334 1726 1375; baseline 0.003 -9"><span class='ocrx_word' id='word_1_321' title='bbox 992 1336 1065 1366; x_wconf 89' lang='lat' dir='ltr'><em>tem</em></span> <span class='ocrx_word' id='word_1_322' title='bbox 1089 1334 1214 1375; x_wconf 89' lang='lat' dir='ltr'><em>populi</em></span> <span class='ocrx_word' id='word_1_323' title='bbox 1237 1335 1340 1366; x_wconf 86' lang='lat' dir='ltr'><em>Rom.</em></span> <span class='ocrx_word' id='word_1_324' title='bbox 1371 1334 1505 1367; x_wconf 87' lang='lat' dir='ltr'><em>Vellei.</em></span> <span class='ocrx_word' id='word_1_325' title='bbox 1535 1336 1579 1366; x_wconf 92' lang='lat'>11.</span> <span class='ocrx_word' id='word_1_326' title='bbox 1610 1343 1642 1367; x_wconf 86' lang='lat' dir='ltr'><em>c.</em></span> <span class='ocrx_word' id='word_1_327' title='bbox 1664 1335 1726 1368; x_wconf 63' lang='lat'><em>⁸94.</em></span> 
     </span>
     <span class='ocr_line' id='line_1_61' title="bbox 992 1388 1727 1422; baseline 0.003 -2"><span class='ocrx_word' id='word_1_328' title='bbox 992 1389 1064 1420; x_wconf 86' lang='lat' dir='ltr'><em>Sed</em></span> <span class='ocrx_word' id='word_1_329' title='bbox 1099 1397 1132 1420; x_wconf 86' lang='lat' dir='ltr'>a.</span> <span class='ocrx_word' id='word_1_330' title='bbox 1157 1390 1348 1422; x_wconf 84' lang='lat' dir='ltr'>DCCLI&#39;V.</span> <span class='ocrx_word' id='word_1_331' title='bbox 1373 1397 1454 1421; x_wconf 88' lang='lat' dir='ltr'><em>cum</em></span> <span class='ocrx_word' id='word_1_332' title='bbox 1483 1388 1626 1421; x_wconf 81' lang='lat' dir='ltr'><em>Parthis</em></span> <span class='ocrx_word' id='word_1_333' title='bbox 1654 1390 1727 1422; x_wconf 87' lang='lat' dir='ltr'><em>ite-</em></span> 
     </span>
     <span class='ocr_line' id='line_1_62' title="bbox 992 1444 1727 1484; baseline 0.004 -8"><span class='ocrx_word' id='word_1_334' title='bbox 992 1453 1074 1477; x_wconf 87' lang='lat' dir='ltr'><em>rum</em></span> <span class='ocrx_word' id='word_1_335' title='bbox 1098 1446 1327 1484; x_wconf 81' lang='lat' dir='ltr'><em>rebellarunt</em></span> <span class='ocrx_word' id='word_1_336' title='bbox 1350 1444 1499 1482; x_wconf 62' lang='lat' dir='ltr'><em>evellei.</em></span> <span class='ocrx_word' id='word_1_337' title='bbox 1522 1445 1566 1476; x_wconf 88' lang='lat'>11.</span> <span class='ocrx_word' id='word_1_338' title='bbox 1597 1453 1627 1476; x_wconf 88' lang='lat' dir='ltr'><em>c.</em></span> <span class='ocrx_word' id='word_1_339' title='bbox 1652 1445 1727 1479; x_wconf 87' lang='grc'><em>101.</em></span> 
     </span>
    </p>
   </div>
   <div class='ocr_carea' id='block_1_15' title="bbox 966 1500 1728 1543">
    <p class='ocr_par' dir='ltr' id='par_1_17' title="bbox 966 1500 1728 1543">
     <span class='ocr_line' id='line_1_63' title="bbox 966 1500 1728 1543; baseline 0.007 -13"><span class='ocrx_word' id='word_1_340' title='bbox 966 1527 971 1530; x_wconf 95' lang='grc'><strong><em>.</em></strong></span> <span class='ocrx_word' id='word_1_341' title='bbox 992 1501 1109 1540; x_wconf 80' lang='lat' dir='ltr'><em>seqq.)</em></span> <span class='ocrx_word' id='word_1_342' title='bbox 1121 1521 1135 1541; x_wconf 83' lang='lat'><em>,</em></span> <span class='ocrx_word' id='word_1_343' title='bbox 1167 1502 1231 1534; x_wconf 87' lang='lat' dir='ltr'><em>sed</em></span> <span class='ocrx_word' id='word_1_344' title='bbox 1262 1500 1370 1534; x_wconf 85' lang='lat' dir='ltr'><em>Caius</em></span> <span class='ocrx_word' id='word_1_345' title='bbox 1396 1500 1548 1541; x_wconf 80' lang='lat' dir='ltr'><em>caesar,</em></span> <span class='ocrx_word' id='word_1_346' title='bbox 1572 1502 1728 1543; x_wconf 80' lang='lat' dir='ltr'><em>Augusti</em></span> 
     </span>
    </p>
   </div>
   <div class='ocr_carea' id='block_1_16' title="bbox 992 1555 1727 1762">
    <p class='ocr_par' dir='ltr' id='par_1_18' title="bbox 992 1555 1727 1762">
     <span class='ocr_line' id='line_1_64' title="bbox 993 1555 1727 1598; baseline 0.005 -12"><span class='ocrx_word' id='word_1_347' title='bbox 993 1563 1123 1598; x_wconf 89' lang='lat' dir='ltr'><em>nepos,</em></span> <span class='ocrx_word' id='word_1_348' title='bbox 1147 1564 1211 1588; x_wconf 89' lang='lat' dir='ltr'><em>eos</em></span> <span class='ocrx_word' id='word_1_349' title='bbox 1243 1564 1275 1588; x_wconf 83' lang='lat' dir='ltr'>a.</span> <span class='ocrx_word' id='word_1_350' title='bbox 1309 1555 1497 1591; x_wconf 68' lang='lat' dir='ltr'><em>Dchvi.</em></span> <span class='ocrx_word' id='word_1_351' title='bbox 1527 1557 1572 1587; x_wconf 83' lang='lat' dir='ltr'><em>ad</em></span> <span class='ocrx_word' id='word_1_352' title='bbox 1597 1563 1727 1596; x_wconf 74' lang='lat' dir='ltr'><em>paoem</em></span> 
     </span>
     <span class='ocr_line' id='line_1_65' title="bbox 993 1609 1727 1657; baseline 0.008 -17"><span class='ocrx_word' id='word_1_353' title='bbox 993 1609 1185 1642; x_wconf 90' lang='lat' dir='ltr'><em>ineundam</em></span> <span class='ocrx_word' id='word_1_354' title='bbox 1209 1611 1341 1657; x_wconf 72' lang='lat' dir='ltr'><em>coegit.</em></span> <span class='ocrx_word' id='word_1_355' title='bbox 1395 1610 1494 1643; x_wconf 83' lang='lat' dir='ltr'>Gall.</span> <span class='ocrx_word' id='word_1_356' title='bbox 1523 1614 1560 1643; x_wconf 87' lang='lat' dir='ltr'><em>et</em></span> <span class='ocrx_word' id='word_1_357' title='bbox 1589 1614 1644 1644; x_wconf 88' lang='lat' dir='ltr'><em>ed.</em></span> <span class='ocrx_word' id='word_1_358' title='bbox 1670 1622 1727 1654; x_wconf 87' lang='lat' dir='ltr'><em>pr.</em></span> 
     </span>
     <span class='ocr_line' id='line_1_66' title="bbox 994 1660 1726 1707; baseline 0.007 -10"><span class='ocrx_word' id='word_1_359' title='bbox 994 1664 1140 1698; x_wconf 75' lang='lat' dir='ltr'><em>arcum.</em></span> <span class='ocrx_word' id='word_1_360' title='bbox 1196 1666 1277 1699; x_wconf 90' lang='lat' dir='ltr'><em>Duo</em></span> <span class='ocrx_word' id='word_1_361' title='bbox 1300 1660 1429 1698; x_wconf 65' lang='lat' dir='ltr'><em>Heius)</em></span> <span class='ocrx_word' id='word_1_362' title='bbox 1445 1667 1576 1707; x_wconf 80' lang='lat' dir='ltr'><em>rapta.</em></span> <span class='ocrx_word' id='word_1_363' title='bbox 1614 1670 1726 1702; x_wconf 79' lang='lat' dir='ltr'><em>Unus</em></span> 
     </span>
     <span class='ocr_line' id='line_1_67' title="bbox 992 1721 1124 1762; baseline 0 -10"><span class='ocrx_word' id='word_1_364' title='bbox 992 1721 1124 1762; x_wconf 77' lang='lat' dir='ltr'><em>parta.</em></span> 
     </span>
    </p>
   </div>
   <div class='ocr_carea' id='block_1_17' title="bbox 1039 1788 1729 1832">
    <p class='ocr_par' dir='ltr' id='par_1_19' title="bbox 1039 1788 1729 1832">
     <span class='ocr_line' id='line_1_68' title="bbox 1039 1788 1729 1832; baseline 0.003 -12"><span class='ocrx_word' id='word_1_365' title='bbox 1039 1789 1115 1820; x_wconf 79' lang='lat'>229.</span> <span class='ocrx_word' id='word_1_366' title='bbox 1138 1788 1252 1822; x_wconf 84' lang='lat' dir='ltr'><em>Nunc</em></span> <span class='ocrx_word' id='word_1_367' title='bbox 1275 1791 1310 1822; x_wconf 87' lang='lat' dir='ltr'><em>te</em></span> <span class='ocrx_word' id='word_1_368' title='bbox 1329 1791 1442 1832; x_wconf 85' lang='lat' dir='ltr'><em>prole</em></span> <span class='ocrx_word' id='word_1_369' title='bbox 1465 1792 1542 1824; x_wconf 70' lang='lat' dir='ltr'><em>tua.</em></span> <span class='ocrx_word' id='word_1_370' title='bbox 1577 1793 1661 1825; x_wconf 81' lang='lat' dir='ltr'><em>Non</em></span> <span class='ocrx_word' id='word_1_371' title='bbox 1673 1791 1729 1826; x_wconf 86' lang='lat' dir='ltr'><em>cl.</em></span> 
     </span>
    </p>
   </div>
   <div class='ocr_carea' id='block_1_18' title="bbox 995 1843 1792 1890">
    <p class='ocr_par' dir='ltr' id='par_1_20' title="bbox 995 1843 1792 1890">
     <span class='ocr_line' id='line_1_69' title="bbox 995 1843 1792 1890; baseline 0.005 -14"><span class='ocrx_word' id='word_1_372' title='bbox 995 1844 1134 1876; x_wconf 83' lang='lat' dir='ltr'><em>Drusus</em></span> <span class='ocrx_word' id='word_1_373' title='bbox 1165 1845 1422 1887; x_wconf 82' lang='lat' dir='ltr'><em>intelligendus</em></span> <span class='ocrx_word' id='word_1_374' title='bbox 1453 1850 1524 1890; x_wconf 86' lang='lat' dir='ltr'><em>est,</em></span> <span class='ocrx_word' id='word_1_375' title='bbox 1567 1847 1628 1889; x_wconf 79' lang='lat' dir='ltr'><em>qui</em></span> <span class='ocrx_word' id='word_1_376' title='bbox 1655 1847 1728 1879; x_wconf 84' lang='lat' dir='ltr'><em>ali-</em></span> <span class='ocrx_word' id='word_1_377' title='bbox 1787 1843 1792 1857; x_wconf 95' lang='lat'>&#39;</span> 
     </span>
    </p>
   </div>
   <div class='ocr_carea' id='block_1_19' title="bbox 993 1901 1774 2714">
    <p class='ocr_par' dir='ltr' id='par_1_21' title="bbox 993 1901 1774 2714">
     <span class='ocr_line' id='line_1_70' title="bbox 996 1901 1730 1942; baseline 0.004 -12"><span class='ocrx_word' id='word_1_378' title='bbox 996 1901 1084 1939; x_wconf 82' lang='lat' dir='ltr'><em>quot</em></span> <span class='ocrx_word' id='word_1_379' title='bbox 1106 1901 1210 1932; x_wconf 84' lang='lat' dir='ltr'><em>annis</em></span> <span class='ocrx_word' id='word_1_380' title='bbox 1234 1903 1319 1932; x_wconf 86' lang='lat' dir='ltr'><em>ante</em></span> <span class='ocrx_word' id='word_1_381' title='bbox 1349 1909 1454 1941; x_wconf 84' lang='lat' dir='ltr'><em>quam</em></span> <span class='ocrx_word' id='word_1_382' title='bbox 1478 1902 1574 1933; x_wconf 76' lang='lat' dir='ltr'><em>haee</em></span> <span class='ocrx_word' id='word_1_383' title='bbox 1589 1901 1730 1942; x_wconf 83' lang='lat' dir='ltr'><em>scripta.</em></span> 
     </span>
     <span class='ocr_line' id='line_1_71' title="bbox 995 1953 1774 2001; baseline -0.001 -14"><span class='ocrx_word' id='word_1_384' title='bbox 995 1958 1080 1988; x_wconf 88' lang='lat' dir='ltr'><em>sunt</em></span> <span class='ocrx_word' id='word_1_385' title='bbox 1114 1958 1164 1994; x_wconf 83' lang='lat' dir='ltr'>(a.</span> <span class='ocrx_word' id='word_1_386' title='bbox 1194 1956 1429 1993; x_wconf 79' lang='lat' dir='ltr'>DCCXLV.)</span> <span class='ocrx_word' id='word_1_387' title='bbox 1463 1956 1500 2001; x_wconf 82' lang='lat' dir='ltr'><em>in</em></span> <span class='ocrx_word' id='word_1_388' title='bbox 1533 1955 1729 1988; x_wconf 77' lang='lat' dir='ltr'><em>Germania</em></span> <span class='ocrx_word' id='word_1_389' title='bbox 1771 1953 1774 1957; x_wconf 86' lang='grc'><strong>’</strong></span> 
     </span>
     <span class='ocr_line' id='line_1_72' title="bbox 993 2000 1730 2052; baseline 0.001 -12"><span class='ocrx_word' id='word_1_390' title='bbox 993 2000 1172 2051; x_wconf 72' lang='lat' dir='ltr'><em>perierat,</em></span> <span class='ocrx_word' id='word_1_391' title='bbox 1195 2012 1259 2042; x_wconf 89' lang='lat' dir='ltr'><em>sed</em></span> <span class='ocrx_word' id='word_1_392' title='bbox 1284 2011 1342 2050; x_wconf 82' lang='lat' dir='ltr'><em>qui</em></span> <span class='ocrx_word' id='word_1_393' title='bbox 1365 2010 1410 2042; x_wconf 79' lang='lat' dir='ltr'><em>ab</em></span> <span class='ocrx_word' id='word_1_394' title='bbox 1440 2012 1605 2051; x_wconf 79' lang='lat' dir='ltr'><em>Augusto</em></span> <span class='ocrx_word' id='word_1_395' title='bbox 1625 2008 1730 2052; x_wconf 74' lang='lat' dir='ltr'><em>filius</em></span> 
     </span>
     <span class='ocr_line' id='line_1_73' title="bbox 994 2055 1730 2107; baseline 0 -11"><span class='ocrx_word' id='word_1_396' title='bbox 994 2067 1094 2102; x_wconf 84' lang='lat' dir='ltr'><em>(hino</em></span> <span class='ocrx_word' id='word_1_397' title='bbox 1114 2066 1227 2107; x_wconf 77' lang='lat' dir='ltr'><em>prole</em></span> <span class='ocrx_word' id='word_1_398' title='bbox 1242 2066 1309 2096; x_wconf 86' lang='lat' dir='ltr'><em>tua</em></span> <span class='ocrx_word' id='word_1_399' title='bbox 1325 2068 1363 2096; x_wconf 88' lang='lat' dir='ltr'><em>et</em></span> <span class='ocrx_word' id='word_1_400' title='bbox 1381 2073 1456 2106; x_wconf 76' lang='lat' dir='ltr'><em>pro</em></span> <span class='ocrx_word' id='word_1_401' title='bbox 1474 2072 1609 2105; x_wconf 72' lang='lat' dir='ltr'><em>mzuyno</em></span> <span class='ocrx_word' id='word_1_402' title='bbox 1630 2055 1730 2107; x_wconf 74' lang='lat' dir='ltr'><em>Gae-</em></span> 
     </span>
     <span class='ocr_line' id='line_1_74' title="bbox 994 2117 1732 2166; baseline -0.003 -14"><span class='ocrx_word' id='word_1_403' title='bbox 994 2129 1086 2153; x_wconf 82' lang='lat' dir='ltr'><em>sare</em></span> <span class='ocrx_word' id='word_1_404' title='bbox 1117 2120 1290 2161; x_wconf 83' lang='lat' dir='ltr'><em>Caesar),</em></span> <span class='ocrx_word' id='word_1_405' title='bbox 1315 2121 1462 2161; x_wconf 75' lang='lat' dir='ltr'><em>colleqa</em></span> <span class='ocrx_word' id='word_1_406' title='bbox 1490 2117 1656 2166; x_wconf 76' lang='lat' dir='ltr'><em>imperii,</em></span> <span class='ocrx_word' id='word_1_407' title='bbox 1692 2119 1732 2151; x_wconf 86' lang='lat' dir='ltr'><em>et</em></span> 
     </span>
     <span class='ocr_line' id='line_1_75' title="bbox 995 2173 1756 2219; baseline -0.001 -12"><span class='ocrx_word' id='word_1_408' title='bbox 995 2183 1152 2208; x_wconf 74' lang='lat' dir='ltr'><em>consors</em></span> <span class='ocrx_word' id='word_1_409' title='bbox 1177 2173 1404 2218; x_wconf 76' lang='lat' dir='ltr'><em>tribuniciae</em></span> <span class='ocrx_word' id='word_1_410' title='bbox 1431 2174 1635 2216; x_wconf 78' lang='lat' dir='ltr'><em>potestatis</em></span> <span class='ocrx_word' id='word_1_411' title='bbox 1661 2183 1728 2206; x_wconf 84' lang='lat' dir='ltr'><em>as-</em></span> <span class='ocrx_word' id='word_1_412' title='bbox 1752 2216 1756 2219; x_wconf 87' lang='lat'>.</span> 
     </span>
     <span class='ocr_line' id='line_1_76' title="bbox 994 2230 1728 2274; baseline 0.003 -13"><span class='ocrx_word' id='word_1_413' title='bbox 994 2230 1139 2262; x_wconf 84' lang='lat' dir='ltr'><em>sumtus</em></span> <span class='ocrx_word' id='word_1_414' title='bbox 1169 2230 1273 2271; x_wconf 83' lang='lat' dir='ltr'><em>erat,</em></span> <span class='ocrx_word' id='word_1_415' title='bbox 1310 2230 1474 2263; x_wconf 76' lang='lat' dir='ltr'><em>Tiberius</em></span> <span class='ocrx_word' id='word_1_416' title='bbox 1512 2231 1612 2270; x_wconf 86' lang='lat' dir='ltr'><em>(Vid.</em></span> <span class='ocrx_word' id='word_1_417' title='bbox 1640 2231 1728 2274; x_wconf 71' lang='lat' dir='ltr'><em>Tac.</em></span> 
     </span>
     <span class='ocr_line' id='line_1_77' title="bbox 995 2286 1728 2328; baseline -0.001 -9"><span class='ocrx_word' id='word_1_418' title='bbox 995 2287 1126 2319; x_wconf 85' lang='lat' dir='ltr'>Annal.</span> <span class='ocrx_word' id='word_1_419' title='bbox 1149 2288 1177 2318; x_wconf 92' lang='grc' dir='ltr'><strong><em>Ι.</em></strong></span> <span class='ocrx_word' id='word_1_420' title='bbox 1203 2294 1234 2317; x_wconf 92' lang='lat' dir='ltr'><em>c.</em></span> <span class='ocrx_word' id='word_1_421' title='bbox 1259 2287 1289 2317; x_wconf 88' lang='lat'>3.</span> <span class='ocrx_word' id='word_1_422' title='bbox 1313 2289 1350 2318; x_wconf 88' lang='lat' dir='ltr'><em>et</em></span> <span class='ocrx_word' id='word_1_423' title='bbox 1373 2287 1480 2319; x_wconf 81' lang='lat' dir='ltr'><em>Trist.</em></span> <span class='ocrx_word' id='word_1_424' title='bbox 1503 2287 1571 2328; x_wconf 88' lang='lat' dir='ltr'><em>IV,</em></span> <span class='ocrx_word' id='word_1_425' title='bbox 1594 2287 1631 2328; x_wconf 79' lang='lat'><em>2,</em></span> <span class='ocrx_word' id='word_1_426' title='bbox 1662 2286 1728 2328; x_wconf 87' lang='grc'><em>1.),</em></span> 
     </span>
     <span class='ocr_line' id='line_1_78' title="bbox 996 2336 1730 2384; baseline 0.003 -12"><span class='ocrx_word' id='word_1_427' title='bbox 996 2342 1078 2384; x_wconf 87' lang='lat' dir='ltr'><em>qui,</em></span> <span class='ocrx_word' id='word_1_428' title='bbox 1126 2349 1205 2373; x_wconf 89' lang='lat' dir='ltr'><em>cum</em></span> <span class='ocrx_word' id='word_1_429' title='bbox 1240 2341 1310 2374; x_wconf 85' lang='lat' dir='ltr'><em>iam</em></span> <span class='ocrx_word' id='word_1_430' title='bbox 1351 2349 1383 2373; x_wconf 84' lang='lat' dir='ltr'>a.</span> <span class='ocrx_word' id='word_1_431' title='bbox 1417 2336 1657 2375; x_wconf 77' lang='lat' dir='ltr'>DCCXLVII.</span> <span class='ocrx_word' id='word_1_432' title='bbox 1691 2342 1730 2374; x_wconf 86' lang='lat' dir='ltr'><em>et</em></span> 
     </span>
     <span class='ocr_line' id='line_1_79' title="bbox 995 2396 1730 2437; baseline 0 -8"><span class='ocrx_word' id='word_1_433' title='bbox 995 2396 1252 2429; x_wconf 71' lang='lat' dir='ltr'><em>Dccxnvm.</em></span> <span class='ocrx_word' id='word_1_434' title='bbox 1276 2397 1400 2437; x_wconf 89' lang='lat' dir='ltr'><em>plures</em></span> <span class='ocrx_word' id='word_1_435' title='bbox 1424 2400 1555 2430; x_wconf 86' lang='lat' dir='ltr'><em>contra</em></span> <span class='ocrx_word' id='word_1_436' title='bbox 1574 2398 1730 2431; x_wconf 80' lang='lat' dir='ltr'><em>Germa-</em></span> 
     </span>
     <span class='ocr_line' id='line_1_80' title="bbox 997 2443 1729 2494; baseline 0 -10"><span class='ocrx_word' id='word_1_437' title='bbox 997 2462 1065 2484; x_wconf 90' lang='lat' dir='ltr'><em>nos</em></span> <span class='ocrx_word' id='word_1_438' title='bbox 1106 2451 1356 2493; x_wconf 80' lang='lat' dir='ltr'><em>expeditiones</em></span> <span class='ocrx_word' id='word_1_439' title='bbox 1397 2453 1566 2494; x_wconf 85' lang='lat' dir='ltr'><em>fecisset,</em></span> <span class='ocrx_word' id='word_1_440' title='bbox 1607 2443 1729 2492; x_wconf 58' lang='lat' dir='ltr'><em>stetim</em></span> 
     </span>
     <span class='ocr_line' id='line_1_81' title="bbox 997 2497 1728 2548; baseline 0.001 -10"><span class='ocrx_word' id='word_1_441' title='bbox 997 2509 1081 2547; x_wconf 85' lang='lat' dir='ltr'><em>post</em></span> <span class='ocrx_word' id='word_1_442' title='bbox 1103 2507 1302 2543; x_wconf 77' lang='lat' dir='ltr'><em>Varianam</em></span> <span class='ocrx_word' id='word_1_443' title='bbox 1327 2507 1467 2539; x_wconf 81' lang='lat' dir='ltr'><em>cladem</em></span> <span class='ocrx_word' id='word_1_444' title='bbox 1480 2497 1728 2548; x_wconf 58' lang='lat' dir='ltr'><em>ajnccnxn.</em></span> 
     </span>
     <span class='ocr_line' id='line_1_82' title="bbox 998 2563 1729 2607; baseline 0.001 -13"><span class='ocrx_word' id='word_1_445' title='bbox 998 2563 1149 2600; x_wconf 82' lang='lat' dir='ltr'><em>(Vellei.</em></span> <span class='ocrx_word' id='word_1_446' title='bbox 1172 2564 1216 2594; x_wconf 88' lang='lat'>11.</span> <span class='ocrx_word' id='word_1_447' title='bbox 1248 2571 1279 2595; x_wconf 89' lang='lat' dir='ltr'><em>c.</em></span> <span class='ocrx_word' id='word_1_448' title='bbox 1310 2563 1501 2607; x_wconf 64' lang='lat'>117—19„</span> <span class='ocrx_word' id='word_1_449' title='bbox 1523 2563 1624 2595; x_wconf 84' lang='lat' dir='ltr'><em>Suet.</em></span> <span class='ocrx_word' id='word_1_450' title='bbox 1651 2563 1729 2595; x_wconf 80' lang='lat' dir='ltr'><em>Tib.</em></span> 
     </span>
     <span class='ocr_line' id='line_1_83' title="bbox 998 2608 1728 2655; baseline -0.001 -5"><span class='ocrx_word' id='word_1_451' title='bbox 998 2626 1029 2650; x_wconf 87' lang='lat' dir='ltr'><em>c.</em></span> <span class='ocrx_word' id='word_1_452' title='bbox 1054 2617 1124 2655; x_wconf 82' lang='lat'>16.)</span> <span class='ocrx_word' id='word_1_453' title='bbox 1149 2618 1266 2650; x_wconf 87' lang='lat' dir='ltr'><em>denuo</em></span> <span class='ocrx_word' id='word_1_454' title='bbox 1291 2615 1422 2651; x_wconf 75' lang='lat' dir='ltr'><em>contra</em></span> <span class='ocrx_word' id='word_1_455' title='bbox 1439 2619 1584 2650; x_wconf 85' lang='lat' dir='ltr'><em>eosdem</em></span> <span class='ocrx_word' id='word_1_456' title='bbox 1600 2608 1728 2649; x_wconf 81' lang='lat' dir='ltr'><em>missus</em></span> 
     </span>
     <span class='ocr_line' id='line_1_84' title="bbox 998 2673 1729 2714; baseline 0.001 -11"><span class='ocrx_word' id='word_1_457' title='bbox 998 2675 1069 2714; x_wconf 89' lang='lat' dir='ltr'><em>est,</em></span> <span class='ocrx_word' id='word_1_458' title='bbox 1091 2674 1186 2704; x_wconf 85' lang='lat' dir='ltr'><em>unde</em></span> <span class='ocrx_word' id='word_1_459' title='bbox 1209 2674 1360 2713; x_wconf 83' lang='lat' dir='ltr'><em>proeliis</em></span> <span class='ocrx_word' id='word_1_460' title='bbox 1382 2673 1520 2714; x_wconf 79' lang='lat' dir='ltr'><em>aliquot</em></span> <span class='ocrx_word' id='word_1_461' title='bbox 1531 2673 1729 2704; x_wconf 87' lang='lat' dir='ltr'><em>commissis</em></span> 
     </span>
    </p>
   </div>
   <div class='ocr_carea' id='block_1_20' title="bbox 997 2704 1812 2768">
    <p class='ocr_par' dir='ltr' id='par_1_22' title="bbox 997 2704 1812 2768">
     <span class='ocr_line' id='line_1_85' title="bbox 997 2704 1812 2768; baseline 0.001 -9"><span class='ocrx_word' id='word_1_462' title='bbox 997 2730 1127 2768; x_wconf 84' lang='lat' dir='ltr'><em>quarto</em></span> <span class='ocrx_word' id='word_1_463' title='bbox 1156 2729 1202 2760; x_wconf 84' lang='lat' dir='ltr'><em>ab</em></span> <span class='ocrx_word' id='word_1_464' title='bbox 1231 2720 1298 2761; x_wconf 74' lang='lat' dir='ltr'><em>illu.</em></span> <span class='ocrx_word' id='word_1_465' title='bbox 1330 2729 1436 2762; x_wconf 79' lang='lat' dir='ltr'><em>clade</em></span> <span class='ocrx_word' id='word_1_466' title='bbox 1458 2725 1553 2761; x_wconf 79' lang='lat' dir='ltr'><em>anno</em></span> <span class='ocrx_word' id='word_1_467' title='bbox 1576 2729 1728 2760; x_wconf 85' lang='lat' dir='ltr'><em>Romam</em></span> <span class='ocrx_word' id='word_1_468' title='bbox 1760 2704 1812 2743; x_wconf 28' lang='grc' dir='ltr'><em>Ὗ·</em></span> 
     </span>
    </p>
   </div>
   <div class='ocr_carea' id='block_1_21' title="bbox 994 2785 1731 2874">
    <p class='ocr_par' dir='ltr' id='par_1_23' title="bbox 994 2785 1731 2874">
     <span class='ocr_line' id='line_1_86' title="bbox 995 2785 1730 2828; baseline 0.004 -13"><span class='ocrx_word' id='word_1_469' title='bbox 995 2785 1104 2816; x_wconf 84' lang='lat' dir='ltr'><em>rediit</em></span> <span class='ocrx_word' id='word_1_470' title='bbox 1121 2786 1167 2816; x_wconf 83' lang='lat' dir='ltr'><em>ad</em></span> <span class='ocrx_word' id='word_1_471' title='bbox 1186 2785 1363 2826; x_wconf 85' lang='lat' dir='ltr'><em>agendum</em></span> <span class='ocrx_word' id='word_1_472' title='bbox 1376 2785 1606 2828; x_wconf 85' lang='lat' dir='ltr'><em>triumphum,</em></span> <span class='ocrx_word' id='word_1_473' title='bbox 1625 2793 1730 2826; x_wconf 86' lang='lat' dir='ltr'><em>quem</em></span> 
     </span>
     <span class='ocr_line' id='line_1_87' title="bbox 994 2839 1731 2874; baseline -0.001 -1"><span class='ocrx_word' id='word_1_474' title='bbox 994 2839 1200 2873; x_wconf 69' lang='lat' dir='ltr'><em>Dccnxn.</em></span> <span class='ocrx_word' id='word_1_475' title='bbox 1229 2841 1274 2872; x_wconf 91' lang='lat' dir='ltr'><em>de</em></span> <span class='ocrx_word' id='word_1_476' title='bbox 1314 2839 1456 2872; x_wconf 77' lang='lat' dir='ltr'><em>domitis</em></span> <span class='ocrx_word' id='word_1_477' title='bbox 1486 2840 1662 2874; x_wconf 78' lang='lat' dir='ltr'><em>Dalmatis</em></span> <span class='ocrx_word' id='word_1_478' title='bbox 1686 2842 1731 2872; x_wconf 81' lang='lat' dir='ltr'><em>et</em></span> 
     </span>
    </p>
   </div>
  </div>
 </body>
</html>
