1846 3146
173 190 275 241 492

421 189 479 240 Ρ.
515 189 740 242 OVIDII
773 190 1093 244 NASONIS
1126 190 1474 243 TRISTIUM

169 313 286 362 Nee
319 315 493 362 metuis
528 313 676 365 dubio
709 305 961 365 Fortunae
995 318 1169 364 stantis
1202 318 1254 364 in
1288 313 1411 364 orbe

238 396 447 458 Numen,
484 401 535 446 et
570 389 756 447 e'xosae
790 399 947 448 verba
982 399 1194 466 superba
1228 397 1394 447 deae?

169 478 358 544 Exiget
391 485 442 528 at
476 480 651 546 dignas
684 481 839 532 ultrix
871 483 1170 532 Rhamnusia
1203 496 1419 550 poenas:

235 564 470 630 Imposito
506 560 673 614 calcas
707 565 825 631 quid
858 580 965 615 mea
996 566 1101 635 ¹fata
1134 563 1304 633 pede?

1639 532 1781 616 10x

167 644 292 695 Vidi
338 662 434 712 ego
478 636 879 715 naufragiumque
893 685 907 710 ‚
942 651 1081 699 viros
1116 653 1166 698 et
1199 650 1249 696 in
1283 652 1497 713 aequore
1530 651 1701 713 mergi,

233 729 303 779 Et
337 730 667 796 „Nunquam“
703 731 810 781 dixi
843 734 1055 794 „iustior
1087 731 1221 780 unda
1255 731 1397 780 fuit.“

211 881 243 912 7.
276 881 442 914 Fortuna
473 883 563 925 dea,
597 883 655 915 cui
682 884 903 925 potestatem

168 937 378 969 tribuebant
407 940 570 971 secunda
605 941 642 971 et
670 941 829 971 adversa
857 947 904 971 ex

166 993 321 1025 arbitrio
345 1001 411 1025 suo
435 994 636 1026 hominibus
651 993 903 1035 distribuendi,

167 1048 372 1090 fingebatur
388 1057 502 1081 caeca
520 1051 557 1082 et
573 1052 682 1082 rotae
696 1051 758 1082 vel
769 1051 902 1091 sphae-

167 1110 233 1135 rae
258 1104 347 1136 orbe
370 1105 551 1137 insistens.
597 1106 701 1138 Pont.
720 1106 788 1147 IV,
801 1106 836 1147 3,
849 1106 902 1136 29.

234 1178 313 1211 Quid
337 1177 432 1213 facis,
451 1179 496 1206 'ah
522 1179 669 1207 demens?
697 1187 750 1207 cur
774 1179 800 1207 si
825 1178 904 1207 For-

565 1227 637 1251 tuna
655 1224 783 1258 recedit,

282 1265 449 1303 Naufragio
473 1263 616 1295 lacrimas
640 1268 734 1303 eripis
755 1269 821 1304 ipse
840 1272 902 1298 tuo.

234 1309 319 1338 Haec
341 1311 399 1339 dea
423 1318 485 1339 non
508 1311 622 1345 stabili,
651 1321 739 1347 quam
757 1313 798 1341 sit
815 1314 902 1348 levis,

308 1353 311 1357 “
565 1356 638 1384 orbe
657 1355 780 1392 fatetur,

284 1400 379 1435 Quem
393 1408 540 1429 summum
556 1402 646 1430 dubio
663 1402 717 1430 sub
731 1403 807 1437 pede
820 1410 902 1432 sem-

565 1453 621 1481 per
638 1446 739 1474 habet.

164 1512 250 1547 vid.
272 1513 403 1547 Tibun.
426 1517 457 1558 1,
480 1519 517 1558 5,
541 1517 734 1558 7⁰.,Auct.
758 1518 804 1549 ad
823 1518 901 1549 ne-

165 1577 269 1602 renn.
290 1572 337 1603 11.
355 1580 386 1604 c.
402 1572 457 1604 23.
481 1573 577 1605 Gall.
590 1572 674 1605 dub.
685 1573 770 1605 met.
795 1574 900 1606 Serv.

166 1624 284 1659 timui.
310 1628 417 1661 Goth.
430 1636 568 1661 exosae
581 1627 690 1670 siqua
701 1629 900 1669 proterva.

210 1717 243 1749 9.
265 1715 514 1751 Rhamnusia.
539 1717 720 1760 Nemesis,
735 1717 803 1749 dea
817 1724 902 1749 sce-

163 1772 283 1804 lerum
295 1772 409 1805 ultrix
420 1773 592 1813 imprimis
606 1773 816 1815 superbiae,
830 1781 901 1805 no-

165 1836 249 1860 men
274 1826 509 1860 Rhamnusia
530 1820 673 1860 habeta
690 1829 901 1860 Rhamnun-

166 1885 220 1925 te,
243 1884 391 1916 Atticae
413 1892 524 1926 pago,
548 1883 610 1915 ubi
630 1884 802 1924 templum
823 1883 902 1915 eius

165 1938 442 1971 celeberrimum
478 1941 514 1971 et
546 1940 749 1972 clarissima
778 1941 902 1972 statua

164 1994 250 2036 fuit,
281 2002 372 2042 opus
406 1994 553 2027 Diodoti
581 1995 644 2026 vel
673 1994 901 2037 Agoracriti,

164 2044 357 2091 ἐνάμιλλον
374 2047 522 2082 Φειδίου
536 2044 663 2091 ἔργοις,
673 2052 766 2082 teste
779 2050 900 2082 Strab.

165 2106 229 2138 IX.
251 2114 286 2146 p.
309 2105 385 2137 273.
430 2105 616 2139 Vid.Plin.
631 2106 797 2137 XXXVI.
819 2114 850 2137 c.
867 2108 899 2137 5.

209 2159 353 2202 Ewiqet
372 2161 424 2193 at.
475 2162 533 2192 lta
562 2155 707 2201 plurimi
734 2162 838 2193 codd.
862 2163 900 2193 et

165 2219 255 2249 vett.
270 2218 350 2249 edd.
362 2233 408 2241 -—-
424 2216 568 2250 Pirckb.
578 2238 592 2258 ,
609 2217 690 2249 Rel.
715 2217 753 2248 et
771 2217 826 2247 ed.
843 2224 900 2256 pr.

166 2270 426 2313 Heins.eoeiyet
437 2281 494 2314 ac,
517 2280 538 2303 e
559 2271 791 2304 similitudine
813 2271 900 2303 lite-

166 2335 291 2360 rarum
302 2335 323 2359 c
335 2329 372 2359 et
385 2327 402 2358 t
412 2327 448 2359 in
460 2329 549 2360 vett,
563 2326 710 2368 scriptis
725 2329 809 2360 orta
830 2334 901 2359 va-

164 2381 299 2430 rietas.¹
341 2384 447 2415 Bern.
470 2383 543 2415 ast.
604 2373 703 2415 Le'id.
734 2384 772 2414 et
805 2381 901 2414 Busl.

167 2437 221 2469 ad
243 2436 343 2478 diyn.
388 2439 469 2470 Put.
493 2440 531 2470 et
555 2438 676 2471 Guelf.
699 2438 824 2469 a2.m.
849 2445 900 2468 an

165 2490 265 2533 diyn.
311 2493 397 2525 vat.
418 2493 464 2535 1.,
479 2493 626 2536 medie,
639 2494 715 2525 Pal.
729 2493 899 2535 2.,Mor.‚

165 2549 272 2580 serv.
288 2551 327 2582 et
339 2550 431 2581 alius
445 2550 567 2582 Heius.
585 2557 610 2580 a
629 2547 761 2589 diqnis.
786 2548 899 2580 Hein-

164 2604 240 2636 sius
276 2605 468 2646 eleganter
498 2604 656 2637 coniecit
691 2604 758 2646 ah,
803 2605 898 2645 quod

165 2668 262 2692 nunc
281 2669 350 2700 pro
373 2660 527 2702 vulgata
547 2664 618 2702 est,
635 2669 679 2692 ac
695 2660 818 2692 sensui
835 2668 897 2691 sa-

166 2716 214 2748 tis
231 2718 353 2757 aptum
367 2719 434 2748 est.
459 2715 602 2757 Eoeiyet
624 2717 783 2748 futurum
795 2720 898 2749 recte

164 2771 289 2812 habet,
312 2773 406 2812 quod
436 2776 493 2804 est
521 2772 730 2804 minitantis.
787 2772 899 2805 Hein-

163 2825 240 2858 sius
264 2826 442 2865 probabat
466 2834 640 2867 praesens
658 2826 786 2868 emissit,
803 2829 899 2869 quod

167 2883 375 2923 reperiebat
397 2883 434 2916 iu
454 2884 570 2925 Busl.,
594 2892 639 2916 ac
652 2884 775 2925 Goth„
794 2884 898 2915 Bern.

971 885 1010 916 et
1038 892 1106 925 pro
1135 893 1171 916 v.
1192 884 1321 917 Dresd.
1351 890 1494 924 quoque
1522 882 1703 916 exhibent.

971 939 1047 973 Pal.
1071 939 1103 970 2.
1126 929 1255 980 εωὶῥίε.
1286 940 1390 971 Rern.
1410 942 1447 972 et
1457 940 1541 981 seg.
1561 927 1707 980 poenas

971 993 1167 1035 -diynas.
1226 994 1358 1026 Frauc.
1380 991 1511 1026 iustasL
1574 997 1704 1028 Dresd.

971 1058 1039 1090 pro
1063 1060 1097 1082 v.
1120 1058 1192 1081 ser.
1217 1048 1342 1090 emiqet
1363 1052 1401 1082 et
1424 1050 1556 1093 εει-ἱραί
1573 1049 1703 1092 inqen-

971 1106 1038 1137 tes.
1084 1105 1231 1147 Eaeiyat
1252 1110 1394 1147 quoque
1416 1107 1496 1140 Bel.

1016 1192 1070 1225 10.
1105 1191 1212 1232 Quid.
1270 1195 1346 1227 Pal.
1370 1195 1401 1227 1.
1425 1197 1464 1227 et
1494 1195 1548 1237 2.,
1579 1195 1702 1237 Goth„

971 1249 1119 1289 Franc„
1142 1250 1236 1281 Mor.
1243 1271 1258 1291 ,
1281 1250 1405 1292 Leid.‚
1433 1251 1591 1293 Bersm.,
1614 1248 1705 1293 Reg.

970 1312 1039 1345 pro
1062 1313 1097 1335 v.
1120 1312 1208 1345 scr.,
1231 1305 1264 1336 X
1287 1304 1350 1336 alii
1372 1305 1510 1352 Heinsii
1533 1308 1570 1338 et
1587 1306 1705 1339 nostri

970 1353 1025 1396 (22)
1049 1357 1149 1399 quid.
1184 1359 1305 1402 Serv„
1318 1361 1410 1403 Iun.,
1427 1362 1586 1418 Pirckh„
1598 1363 1704 1394 Bern.

971 1418 1009 1447 et
1032 1417 1122 1447 vett.
1146 1415 1225 1447 edd.
1248 1423 1329 1447 cur.
1377 1418 1455 1453 Pol.
1475 1417 1506 1450 1.
1520 1417 1594 1459 qui.
1626 1419 1703 1450 Re-

969 1469 1057 1510 liqui
1071 1470 1181 1511 quod.
1229 1472 1370 1504 Auctor
1385 1473 1500 1506 Elect.
1513 1475 1620 1508 Eton.
1636 1475 1703 1506 de-

970 1526 1023 1558 dit
1046 1524 1127 1567 qui,
1157 1524 1261 1567 quia.
1280 1530 1317 1559 et
1348 1535 1420 1559 cur
1453 1530 1643 1571 abruptam
1665 1530 1704 1561 et

969 1581 1124 1613 hiulcam
1152 1582 1278 1614 facere
1308 1584 1509 1616 orationem
1540 1592 1702 1616 censens.

969 1637 1042 1669 Sed
1066 1645 1146 1668 cum
1175 1637 1266 1671 haec
1295 1647 1356 1672 res
1384 1647 1494 1672 sensu
1526 1641 1702 1672 diiudice-

969 1694 1044 1734 tur,
1067 1692 1131 1735 alii
1159 1692 1320 1726 fortasse
1351 1698 1473 1737 erunt,
1504 1696 1563 1736 qui
1589 1696 1702 1727 abru-

967 1751 1067 1791 ptam
1091 1748 1295 1781 orationem
1318 1750 1356 1782 in
1378 1750 1448 1782 hoe
1462 1751 1596 1782 affectu
1610 1758 1702 1790 pro-

968 1804 1055 1837 bent
1078 1812 1123 1836 ac
1146 1805 1369 1845 praeferant.
1391 1821 1436 1828 —-
1459 1805 1582 1848 Goth„
1595 1805 1703 1847 neg„

968 1862 1065 1894 Mor.
1090 1862 1129 1892 et
1157 1861 1213 1891 ed.
1235 1869 1292 1901 pr.
1313 1867 1398 1892 mea
1424 1860 1538 1893 eolla.
1602 1860 1702 1893 Vett.

968 1917 1047 1948 edd.
1069 1924 1152 1948 mea
1171 1915 1294 1957 facta.

1012 1969 1160 2003 calcas.
1208 1971 1312 2005 conf.
1336 1973 1369 2015 1,
1391 1972 1429 2014 8,
1457 1970 1526 2012 16„
1547 1972 1620 2014 111,
1642 1971 1710 2014 12„

967 2027 1022 2060 48.

1013 2105 1064 2137 11.
1104 2104 1189 2138 Vidi
1212 2113 1277 2147 eqo
1301 2105 1371 2137 etc.
1404 2103 1537 2137 Medic.
1550 2105 1581 2138 1.
1599 2114 1700 2138 nau-

963 2159 1177 2201 fraqioque.
1235 2164 1313 2194 Iun.
1337 2164 1375 2194 et
1404 2161 1498 2193 alius
1523 2158 1700 2202 virosque

968 2214 1007 2246 et
1015 2213 1065 2246 in.
1088 2217 1184 2248 Mor.
1200 2219 1237 2250 et
1253 2218 1362 2251 Crev.
1374 2215 1479 2249 viros
1491 2214 1542 2247 in.
1565 2217 1701 2248 Bersm.

965 2269 1075 2302 viros
1096 2271 1164 2303 sub
1189 2280 1270 2313 aeq.
1317 2272 1455 2314 Guelf.,
1470 2272 1605 2315 Pa1.2.,
1621 2280 1701 2304 exc.

966 2326 1089 2368 Voss.,
1113 2327 1235 2370 Serv„
1259 2329 1388 2361 Dresd.
1412 2330 1450 2360 et
1471 2328 1552 2360 Bel.
1568 2326 1607 2359 in
1631 2335 1699 2359 ae-

966 2389 1103 2424 quora.
1161 2383 1195 2414 11
1224 2383 1345 2415 Heius.
1369 2386 1406 2415 et
1435 2383 1541 2416 Goth.
1566 2391 1633 2423 pro
1663 2392 1699 2415 v.

965 2447 1037 2470 scr.
1058 2438 1305 2481 naufraqium
1321 2438 1460 2470 nautas
1479 2439 1518 2470 et
1529 2437 1580 2470 in.
1603 2440 1700 2471 Mor.

966 2495 1004 2524 et
1024 2493 1115 2525 VIII
1136 2493 1199 2525 alii
1222 2503 1291 2535 pro
1314 2504 1350 2526 v.
1361 2502 1434 2526 scr.
1450 2486 1700 2535 navifragum

964 2547 1104 2580 nautas
1125 2547 1165 2579 in
1189 2556 1369 2590 aequora.
1414 2550 1456 2581 In
1477 2549 1585 2581 Goth.
1602 2549 1699 2581 inter

965 2603 1072 2636 viros
1095 2607 1132 2637 et
1152 2603 1193 2636 in
1216 2596 1347 2636 rasura
1369 2606 1460 2636 erat.
1518 2606 1597 2637 Hae
1618 2605 1699 2636 fere

965 2664 1050 2692 sunt
1071 2661 1175 2692 huius
1197 2667 1327 2692 versus
1343 2659 1469 2692 variae
1483 2659 1698 2699 scripturae.

1011 2717 1151 2747 Primus
1191 2718 1399 2755 suspectum
1442 2716 1535 2747 hunc
1576 2715 1698 2748 locum

967 2774 1031 2802 aut
1051 2774 1152 2802 certe
1172 2771 1379 2802 mendosum
1399 2770 1571 2803 Iudicavit
1584 2769 1697 2801 Heiu-

967 2827 1041 2859 sius
1066 2830 1218 2866 propter
1242 2827 1428 2868 turbatos,
1461 2829 1499 2858 ut
1528 2826 1594 2866 ipsi
1618 2825 1697 2866 qui-

969 2883 1047 2914 dem
1071 2882 1303 2923 videbantur,
1327 2889 1511 2921 numeros,
1534 2880 1593 2921 qui
1617 2888 1697 2912 cum
