1846 3146
10 2637 13 2642 “
8 2603 14 2619 ’”
4 2492 28 2590 ..Α-ΑΨ
8 2390 27 2479 Μ.
7 2347 21 2380 ⁰.
10 2330 11 2334 „
7 2255 19 2315 .-„„.
25 2232 30 2235 ,
0 2155 1 2159 ⁴

754 163 883 213 LIB.
917 161 981 211 11.

1526 159 1626 210 145

109 288 178 338 Et
207 288 291 354 pia
322 268 431 335 tura
464 283 582 335 dedi
611 299 702 351 pro
735 288 801 344 te,
837 296 1038 348 cumque
1071 281 1289 331 omnibus
1321 297 1443 331 nnus

176 371 293 436 Ipse
326 382 517 434 quoque
548 366 719 416 adiuvi
748 365 946 433 publica
978 369 1099 414 vota
1128 365 1262 413 meiS.
1560 363 1626 414 60

115 451 246 513 Quid
278 451 503 510 referam,
534 448 691 499 libros
722 448 839 497 illos
874 462 1080 512 quoque,
1116 447 1315 496 crimina
1346 450 1528 506 nostra,

178 533 324 584 Mille
356 532 483 582 locis
514 527 695 599 plenos>
722 532 928 580 nominis
962 521 1074 578 esse
1107 528 1213 578 tui?

111 617 307 683 Inspice
337 616 489 664 maius
511 630 661 680 opust,
695 612 826 678 quod
857 611 1018 661 adhuc
1050 613 1157 660 sine
1191 611 1286 660 fine
1319 612 1511 677 reliqui,

179 699 238 747 In
269 713 367 762 non
400 696 675 746 credendos
710 711 918 762 corpora
951 710 1101 744 versa
1133 692 1329 743 modos:

54 785 58 789 '
113 781 342 829 Invenies
374 780 531 829 vestri
562 781 826 846 praeconia
858 779 1063 827 nominis
1096 776 1219 838 illic,
1562 777 1628 827 65

177 862 407 911 Invenies
441 863 584 910 animi
616 864 823 928 pignora
853 859 1004 909 multa
1036 861 1145 908 mei.

34 934 41 937 ’
113 943 230 993 Νοιι
262 947 345 992 tua
379 943 668 992 carminibus
701 945 853 1002 maior
883 943 939 991 fit
972 941 1170 1006 gloria,
1184 952 1278 991 nec
1315 959 1426 1008 quo,

178 1025 248 1075 Ut
278 1028 431 1075 maior
462 1025 560 1086 fiat,
597 1040 823 1076 crescere
853 1026 1012 1091 possit
1043 1024 1202 1073 habet.

114 1106 267 1156 Fama
298 1107 412 1163 Iovi
443 1113 691 1175 superest:
726 1112 887 1156 tamen
918 1107 1063 1167 hunc,
1097 1122 1186 1155 sua
1218 1105 1352 1156 facta
1385 1107 1562 1157 referri

178 1188 248 1238 Et
279 1205 335 1241 se
367 1192 613 1240 materiam
645 1192 869 1240 carminis
904 1204 1031 1250 esse,
1066 1190 1228 1250 iuvat3
1565 1191 1631 1242 ⁷0

115 1323 174 1355 ter
202 1322 396 1356 adunantur
425 1325 561 1357 Lucan.
589 1325 622 1365 1,
655 1324 725 1366 46.,
757 1323 840 1358 Val.

115 1377 239 1409 macc.
263 1378 303 1419 1,
338 1377 411 1410 165.
423 1400 439 1421 ,
471 1379 564 1412 Stat,
594 1378 704 1411 Theb.
732 1380 764 1421 1,
786 1379 840 1411 24.

115 1431 178 1464 Sic
206 1431 272 1464 illa
299 1434 460 1467 adulatio
488 1442 556 1475 per
592 1433 710 1467 omnia
744 1434 840 1467 illius

71 1508 82 1522 ,
115 1481 247 1531 aetatis
270 1489 430 1521 carmina
449 1489 619 1520 manavit.
662 1489 718 1521 De
739 1491 840 1521 stru-

116 1544 222 1574 ctura
244 1541 385 1584 optavi,
404 1543 554 1585 peteres
577 1543 648 1575 vid.
670 1544 703 1585 Ι,
726 1547 762 1586 5,
786 1545 840 1576 52.

115 1597 252 1639 Βοιοι,
274 1599 393 1641 Mon,
415 1598 495 1631 Bel.
520 1596 650 1638 optavi
671 1598 725 1630 ut.
770 1601 842 1632 Be-

115 1651 209 1694 rol.,
239 1652 344 1684 Rern.
377 1655 414 1685 et
442 1655 494 1686 ΠΙ
523 1653 643 1686 neins.
676 1651 841 1684 numina.

115 1708 250 1740 Bersm.
270 1707 431 1741 nunninae.

160 1783 215 1817 58.
246 1785 353 1818 Bern.
381 1792 520 1826 pauca.
570 1786 670 1826 Put„
700 1784 800 1818 Leid.
821 1791 845 1816 a

118 1838 150 1871 1.
171 1847 235 1886 ιι,
253 1839 332 1871 lun.
353 1842 392 1871 et
413 1840 505 1871 alius
529 1840 651 1872 Heius.
670 1839 844 1880 petentis.

163 1914 218 1948 59.
251 1913 414 1956 Cumque
442 1914 608 1947 omnibus
635 1923 742 1957 unus,
763 1923 845 1948 mo-

118 1971 224 2003 deste
244 1970 392 2011 dicwm,
422 1971 463 2002 ut
491 1970 581 2003 illud
600 1979 698 2012 pars
717 1978 845 2011 parva

118 2024 264 2058 turbae.
318 2024 400 2057 vm.
424 2033 459 2056 v.
492 2013 567 2058 158.
590 2029 628 2058 et
647 2028 680 2068 1,
708 2026 746 2068 2,
770 2025 845 2058 101.

122 2079 229 2114 conr.
257 2080 347 2112 11⁰1·-
377 2079 441 2112 od.
464 2081 532 2122 IV,
560 2081 597 2121 2,
630 2080 683 2112 45.
705 2096 747 2102 --
772 2079 846 2112 Ρὶα

120 2135 222 2167 tura.
273 2134 378 2168 Gont’.
410 2137 449 2178 1,
479 2136 516 2177 2,
546 2135 620 2168 104.
648 2151 693 2158 --
720 2136 767 2168 V.
790 2136 843 2168 60.

119 2192 214 2222 Mor.
235 2182 396 2222 admovi.
454 2191 537 2249 seg.
561 2191 599 2222 et
626 2190 744 2223 Guelf.
768 2198 791 2222 a
814 2190 844 2222 1.

121 2253 166 2276 ιιι.
189 2243 329 2277 audivi.

164 2310 218 2343 61.
250 2310 385 2343 Libros
414 2310 515 2352 illos,
547 2310 690 2343 scilicet
720 2311 846 2343 Artem

120 2363 352 2400 Amatorians.
384 2366 464 2398 Vid.
479 2367 555 2398 not.
568 2367 624 2397 ‚ad
640 2367 671 2407 1,
686 2364 721 2406 1,
733 2365 786 2397 23.
810 2366 848 2396 et

119 2421 218 2454 iufra
238 2430 275 2452 v.
296 2420 374 2452 207.
404 2428 502 2461 seqq.
538 2422 575 2452 et
602 2426 715 2459 supra
744 2427 781 2450 v.
816 2419 847 2450 3.

48 2499 52 2502 .
121 2473 214 2507 Loci
246 2476 382 2516 autem,
417 2484 505 2519 quos
538 2475 731 2515 significat,
764 2476 849 2506 sunt

125 2529 241 2570 qualis
274 2531 317 2562 A.
350 2531 394 2561 A.
427 2530 460 2570 1,
493 2528 567 2560 177.
599 2535 696 2568 seqq.
743 2529 847 2561 Conf.

122 2585 225 2616 Pont.
255 2585 293 2626 1,
324 2583 364 2624 1,
399 2583 450 2614 17.
483 2599 525 2605 —
553 2583 695 2616 Pirckh.
725 2588 762 2617 et
792 2586 847 2617 ed.

123 2639 259 2671 Bonon.
291 2637 395 2679 illos,
426 2646 516 2679 quos
548 2637 710 2670 crimina
742 2638 849 2671 dicis.

125 2693 232 2726 Goth.
255 2691 374 2729 libr-,os
396 2691 459 2734 qui
486 2692 576 2724 sunt
604 2699 747 2734 quoque
768 2692 850 2725 cri-

123 2746 237 2780 mina.
280 2748 387 2780 Bern.
410 2756 491 2780 cur.

170 2813 225 2846 62.
257 2811 440 2846 Nominis.
495 2815 575 2846 Duo
606 2813 697 2846 vett.

726 2811 850 2845 numi-
862 2849 866 2851 ,

906 1322 979 1355 nis.
1041 1323 1159 1362 Atque
1190 1321 1254 1354 alii
1282 1322 1442 1355 editores
1469 1325 1633 1366 scriptu-

907 1385 986 1410 ram
998 1375 1159 1408 nominis
1179 1377 1213 1408 h.
1231 1377 1256 1410 1.
1277 1380 1482 1418 suspectam
1495 1380 1634 1413 hahue-

907 1435 1006 1474 runt,
1029 1431 1092 1464 alii
1113 1441 1149 1464 v·
1172 1432 1242 1473 65.,
1273 1440 1325 1464 sc.
1347 1436 1499 1473 propter
1521 1443 1633 1476 repe-

907 1488 1060 1527 tiouem;
1083 1487 1147 1518 sed
1170 1486 1225 1518 illi
1246 1490 1399 1519 mentem
1417 1488 1550 1528 poetae
1563 1498 1633 1532 pa-

908 1551 987 1575 rum
1007 1541 1164 1574 assecuti
1186 1543 1281 1573 sunt.
1323 1543 1377 1574 'l'u
1399 1539 1506 1586 vide,
1529 1554 1635 1588 quam

908 1597 1098 1638 eleganter
1138 1594 1185 1626 sit
1228 1596 1444 1629 vocabulum
1475 1599 1637 1632 nominis

907 1652 1118 1692 repetitum:
1144 1648 1241 1688 Quid
1251 1651 1420 1693 referam
1435 1651 1525 1685 illos
1537 1662 1636 1696 quo-

909 1714 979 1748 que
1001 1706 1047 1737 de
1067 1705 1163 1737 Arte
1186 1705 1306 1738 libros
1317 1705 1421 1739 mille
1438 1707 1533 1740 locis
1553 1718 1634 1742 no-

909 1759 1049 1792 minis
1078 1759 1147 1792 tui
1175 1760 1309 1800 plenos
1336 1769 1427 1793 esse.
1481 1763 1638 1805 Inspice
1663 1763 1666 1765 ’

909 1814 1032 1847 maius
1043 1823 1136 1856 opus
1147 1814 1529 1857 transfor-matianum
1535 1821 1589 1858 (V
1589 1821 1636 1852 id.
1670 1830 1673 1831 ⁷

875 1904 880 1910 ,
910 1873 942 1914 1,
964 1871 1001 1913 7,
1024 1871 1110 1913 14.),
1140 1868 1306 1902 invenies
1325 1869 1408 1902 illic
1434 1879 1636 1912 praeco-

910 1925 993 1957 πίω
1021 1922 1174 1957 vestri
1210 1923 1426 1968 nominis,
1471 1925 1637 1961 invenies

909 1980 1061 2012 multa
1096 1978 1306 2021 pignora
1348 1980 1493 2013 animi
1534 1982 1635 2015 mei.

910 2036 966 2068 De
987 2042 1030 2067 re
1052 2034 1124 2066 vid.
1146 2035 1235 2066 Met·
1256 2035 1341 2076 XV,
1361 2042 1386 2066 a.
1407 2044 1443 2067 v.
1466 2037 1541 2070 745.

954 2110 1007 2144 64.
1044 2110 1202 2151 Modus,
1224 2110 1354 2154 facies,
1373 2112 1526 2156 formas,
1542 2115 1637 2156 figu-

910 2174 987 2209 raS,
1009 2168 1049 2199 ut
1071 2166 1161 2198 alibi
1182 2165 1280 2211 dixit.

956 2243 1010 2274 65.
1043 2243 1120 2275 Pal.
1145 2243 1175 2276 1.
1205 2245 1243 2275 et
1264 2243 1356 2276 alius
1379 2244 1500 2276 Heins.
1524 2246 1562 2276 et
1594 2251 1637 2276 e-

910 2297 1047 2329 iusdem
1085 2299 1141 2330 ed.
1178 2307 1239 2346 «pr.
1285 2297 1520 2339 inveniesque
1570 2298 1638 2332 tui.

911 2353 1005 2384 Mor.
1015 2352 1263 2391 praecordia.
1287 2353 1386 2384 Gott.
1401 2351 1499 2383 tanti
1507 2360 1638 2392 praec.

911 2415 1008 2439 nom.
1030 2406 1123 2440 illic.
1169 2409 1269 2442 Leid.
1292 2408 1447 2440 nostrae
1465 2406 1638 2449 pm'mor-

913 2462 979 2494 dia
1001 2462 1137 2495 laudis.

958 2529 1012 2561 67.
1046 2530 1141 2561 Busl.
1161 2526 1209 2569 fit
1231 2525 1366 2559 maior.

957 2596 1011 2627 69.
1041 2595 1166 2628 Fama
1188 2594 1273 2627 Iovi
1290 2595 1475 2635 superest.
1520 2595 1639 2627 vetu-

914 2650 961 2682 sti
982 2650 1067 2682 libri
1089 2649 1357 2691 omnes-Iovis,
1388 2651 1499 2683 litera.
1527 2659 1547 2681 ε
1562 2652 1639 2684 're-

915 2706 1027 2745 petita
1049 2706 1094 2737 ab
1116 2705 1216 2738 initio
1239 2705 1344 2737 verbi
1362 2706 1546 2746 superest,
1569 2715 1641 2747 qua

916 2762 1097 2800 expuncta
1134 2767 1261 2792 sensus
1295 2760 1367 2792 erit
1383 2752 1639 2801 planissimus.

917 2814 1040 2846 Fama·
1078 2813 1164 2846 Iovi
1196 2815 1370 2854 superest
1398 2816 1455 2847 est
1489 2813 1642 2854 Iupiter

1326 2868 1380 2909 10
