1846 3146
193 189 290 238 422

435 185 492 234 P.
528 184 750 236 ovmn
781 162 1097 236 'NAs'ole
1131 183 1472 263 TRISTIUM

195 309 427 359 Moverat
459 309 703 372 ingenium
737 312 885 356 totam
919 311 1112 356 cantata
1142 320 1232 373 per
1269 306 1451 357 Urbem

262 391 473 442 Nomine
504 407 602 439 non
636 406 759 440 vero
795 390 927 440 dicta
963 388 1180 440 Corinna
1212 388 1340 443 mihi.

1646 389 1712 439 60

195 474 355 524 Multa
390 473 580 538 quidem
613 475 817 540 scripsi3
853 472 959 533 sed,
998 488 1123 537 quae
1153 474 1337 522 vitiosa
1366 473 1551 539 putavi,

261 555 622 605 Emendaturis-
636 557 830 622 ignibus
865 558 972 622 ipse
1008 554 1138 604 dedi.

195 639 339 691 Tunc
367 655 573 704 quoque,
606 655 715 689 cum
738 640 973 704 fugerem,
1005 637 1240 704 quaedam
1269 637 1509 704 placitura
1533 652 1644 687 cre-

1052 723 1197 781 mavi,

262 806 421 857 Iratus
452 805 615 854 studio
651 805 1036 870 carminibusque
1069 805 1201 852 meis.

198 975 401 1008 iuvenalia.
448 977 541 1018 put„
563 976 707 1009 Pirckh.
726 978 764 1008 et
781 978 835 1008 ed.
848 978 922 1011 Bo-

196 1038 280 1062 non.
302 1029 452 1071 scripsi.
498 1033 603 1064 Serv.
627 1041 706 1064 am.
723 1033 752 1064 1.
776 1032 860 1073 lusi,
884 1036 923 1066 ut

195 1088 252 1118 est
274 1087 343 1128 111,
367 1086 402 1127 1,
432 1087 463 1119 7.
512 1087 649 1119 Bismt.
700 1089 807 1120 Goth.
836 1088 923 1131 feci.

196 1141 344 1181 Populo
368 1141 440 1182 leyz'
463 1142 733 1183 intelligendum
757 1145 800 1175 de
823 1146 922 1177 reci-

196 1196 334 1228 tatione
357 1197 519 1238 publica,
542 1198 586 1229 de
609 1205 680 1238 qua
696 1198 767 1230 vid.
782 1203 857 1232 not.
876 1202 922 1233 ad

194 1252 264 1294 111,
288 1251 344 1294 15,
370 1251 422 1284 39.

239 1341 294 1372 58.
323 1339 665 1373 Barba—resecta
681 1340 769 1383 fuit.
803 1342 922 1374 Barba

194 1396 290 1437 apud
318 1396 502 1429 Romanos
530 1398 740 1438 plerumque
773 1398 922 1439 primum

195 1450 296 1484 circa
317 1452 393 1486 XX,-
416 1453 548 1484 aetatis
571 1461 703 1486 annum
724 1455 922 1486 resecaba-

194 1509 270 1548 tur,
293 1510 443 1547 eratque
467 1508 532 1539 ille
554 1508 630 1540 dies
652 1508 771 1541 laetus
793 1509 923 1542 convi-

193 1563 334 1603 viisque
358 1563 623 1597 celebrabatur.
668 1563 923 1597 Vid.Forceu.

193 1617 230 1649 in
254 1627 287 1652 v.
311 1617 442 1659 barba,
465 1619 622 1660 interpp.
653 1621 698 1651 ad
720 1621 805 1652 Tac.
829 1621 922 1652 Anu.

193 1674 291 1709 XIV.
315 1682 346 1706 c.
372 1674 423 1708 15..
447 1677 485 1706 et
507 1676 553 1706 ad
574 1676 652 1707 Iuv.
664 1676 740 1708 Sat.
754 1677 823 1717 111,
848 1675 922 1708 186.

194 1731 395 1762 Admodum
423 1730 564 1762 iuvenis
587 1730 699 1771 igitur
721 1732 820 1762 Naso
845 1731 922 1772 pri-

194 1794 287 1821 mum
311 1786 473 1819 carmina
495 1786 640 1826 publice
662 1786 845 1818 recitavit.

236 1874 291 1905 59.
325 1873 518 1912 Moverat,
552 1873 761 1915 impulerat,
794 1873 921 1906 incen-

194 1929 310 1961 derat.
356 1931 479 1961 Amor.
504 1929 571 1970 111,
596 1928 652 1970 12,
677 1929 730 1961 16.

258 2002 416 2038 Ingenium
434 2002 528 2030 movit
545 2003 611 2030 sola
629 2002 760 2030 Corinna
779 2010 887 2032 meum.

193 2074 316 2109 Amor.
341 2073 410 2113 111,
433 2071 468 2113 1,
491 2071 544 2103 59.

257 2146 357 2174 Prima
384 2149 454 2175 tuae
476 2145 558 2175 movi
581 2143 684 2175 felicia
705 2146 818 2174 semina
835 2153 921 2174 men-

591 2191 643 2220 tis.

192 2260 247 2296 De
292 2259 475 2292 corinnae
519 2261 703 2293 amoribus
744 2262 923 2302 permulta

191 2318 276 2347 sunt
297 2315 434 2356 poetae
456 2317 618 2348 carmina
641 2316 678 2348 in
694 2316 797 2349 libris
809 2318 923 2350 Amo-

190 2379 281 2403 rum.
327 2371 566 2412 intelligimus
589 2371 722 2412 igitur,
756 2373 841 2403 ante
863 2373 922 2404 to-

193 2428 267 2459 tum
291 2435 424 2468 corpus
441 2428 612 2459 Amorum
627 2428 663 2458 et
681 2426 825 2458 omnino
837 2427 922 2458 ante

191 2482 340 2514 maioris
363 2481 511 2522 aliquod
533 2481 726 2514 voluminis
741 2489 831 2521 opus
843 2480 922 2512 sin-

190 2536 277 2576 gula
302 2537 345 2568 de
369 2537 530 2570 Corinna
559 2536 718 2573 carmina
747 2537 793 2569 ab
817 2544 861 2568 eo
883 2535 922 2567 in

188 2591 373 2631 publicum
410 2599 492 2628 esse
522 2593 641 2633 edita,
679 2592 805 2633 quibus
842 2600 922 2624 cum

189 2646 321 2688 plausu
343 2649 506 2690 acceptis
518 2649 631 2691 magis
645 2648 751 2680 etiam
765 2648 812 2679 ad
835 2655 920 2679 car-

188 2703 320 2738 minum
349 2704 468 2736 studia
497 2705 544 2737 sit
573 2712 760 2737 accensus.
817 2702 920 2736 Ridi-

190 2758 274 2795 cule
305 2759 538 2799 quaesierunt
568 2759 708 2801 quidam
736 2759 919 2799 interpre-

190 2818 260 2856 tes,
284 2806 376 2855 {luae
399 2814 470 2846 ista
484 2812 645 2846 Corinna
667 2813 794 2846 fuerit:
819 2812 920 2853 quasi

189 2869 316 2916 poeta,
338 2870 446 2904 lusor
458 2868 652 2910 Amorum,
663 2868 831 2912 quidquid
854 2875 916 2901 ce-

991 977 1079 1009 cinIt
1109 977 1146 1008 in
1168 975 1383 1018 Amoribus,
1409 975 1489 1016 ipse
1510 974 1558 1007 sit
1580 980 1714 1015 exper-

989 1032 1047 1062 tus
1081 1033 1145 1063 aut
1176 1031 1214 1063 in
1243 1032 1368 1064 eadem
1395 1030 1520 1073 puella
1555 1029 1716 1071 experiri

989 1086 1170 1128 potuerit,
1204 1089 1241 1119 et
1269 1094 1343 1119 non
1376 1086 1453 1127 ipse
1482 1085 1627 1126 saepius
1658 1085 1714 1118 di-

988 1144 1088 1173 serte
1111 1141 1257 1184 dixerit,
1279 1149 1399 1174 mores
1426 1150 1514 1174 suos
1546 1141 1584 1173 ‘m
1605 1149 1651 1173 ea
1671 1148 1715 1173 re

989 1208 1013 1232 a
1042 1200 1251 1235 carminum„
1272 1197 1493 1240 argumentis
1519 1198 1631 1239 longe
1659 1197 1715 1230 di-

987 1262 1118 1287 versos
1141 1255 1274 1286 fuisse:

1053 1328 1123 1357 Vita
1139 1328 1312 1356 verecunda
1329 1330 1392 1362 est,
1414 1326 1502 1356 Musa
1519 1327 1622 1356 iocosa
1638 1334 1716 1356 mea.

988 1398 1050 1431 Sic
1079 1396 1309 1430 recentiones
1338 1396 1472 1437 poeitae
1499 1397 1644 1430 nomina
1671 1404 1715 1428 a-

988 1462 1127 1486 morum
1155 1461 1200 1484 ac
1231 1452 1438 1485 deliciarum
1466 1460 1615 1485 suarum
1645 1451 1716 1484 fin-

988 1512 1099 1551 gunt,
1132 1509 1188 1541 sic
1216 1511 1362 1541 veteres
1390 1509 1589 1541 finxerunt:
1618 1508 1715 1549 apud

990 1564 1154 1596 Graecos
1177 1563 1454 1606 Hermesianax,
1483 1554 1718 1597 Antimachus

990 1622 1028 1650 et
1049 1618 1126 1660 alii,
1159 1619 1255 1659 apud
1277 1619 1428 1651 Latinos
1458 1617 1623 1652 Catullus
1646 1617 1717 1649 fin-

988 1674 1041 1706 xit
1062 1674 1230 1707 Lesbiam
1254 1674 1354 1711 (Vid.
1377 1675 1450 1706 not.
1472 1675 1518 1705 ad
1540 1674 1591 1715 11,
1606 1673 1716 1714 4283,

988 1729 1149 1762 Tibullus
1171 1728 1325 1771 Deliam,
1349 1729 1518 1771 Glyciam
1541 1732 1578 1761 et
1593 1729 1717 1762 Neae-

987 1793 1081 1827 ram,
1105 1784 1298 1825 cynthiam
1330 1785 1559 1826 Propertius,
1589 1783 1718 1816 Gallus

988 1840 1197 1882 Lycorida,
1231 1837 1438 1881 Quintiliani
1461 1837 1619 1880 calvus,
1651 1837 1717 1871 Li-

990 1895 1169 1937 cymniam
1192 1898 1228 1927 et
1250 1894 1342 1927 alias
1364 1893 1554 1935 Horatius,
1573 1891 1717 1925 'l'icidas

989 1951 1192 1992 Metellam,
1215 1951 1339 1983 Varro
1369 1949 1545 1983 Atacinus
1570 1949 1716 1980 Leuca.-

989 2007 1104 2048 diam,
1134 2006 1198 2038 alii
1226 2005 1328 2038 alias.
1360 2020 1403 2028 -
1430 2004 1545 2045 BusL,
1575 2004 1631 2034 111
1653 2001 1718 2033 alii

986 2062 1125 2103 Heius„
1149 2061 1270 2103 (Ji-ev„
1293 2060 1412 2093 Guelf.
1434 2067 1457 2091 a
1478 2060 1510 2091 2.
1538 2066 1606 2098 m.,
1634 2056 1715 2091 nel.

990 2115 1304 2148 totum—orbem.
1356 2114 1463 2147 Goth.
1487 2112 1562 2154 inq.
1586 2112 1717 2144 totum.

987 2172 1116 2204 Dresd.
1139 2179 1208 2203 nec
1230 2178 1335 2204 vero.
1379 2169 1459 2204 Rel.
1482 2177 1505 2201 a
1527 2168 1557 2200 1.
1574 2168 1621 2199 m.
1640 2175 1717 2199 non

987 2235 1109 2260 verso.

1032 2304 1086 2337 61.
1126 2300 1281 2334 Vitiosa.
1326 2299 1521 2333 Nocitura
1533 2301 1654 2343 narb„
1670 2308 1717 2332 ex

988 2360 1037 2400 11,
1060 2358 1135 2390 543.
1181 2359 1278 2389 Unus
1301 2355 1366 2388 vit.
1387 2356 1553 2398 fuerunt.
1576 2357 1714 2389 Βσιυι.

988 2414 1127 2446 Multa.
1172 2412 1254 2444 Vid.
1278 2414 1351 2444 not.
1375 2413 1422 2443 ad
1443 2413 1477 2454 1,
1501 2412 1536 2455 1,
1560 2412 1636 2445 107.

1032 2503 1084 2535 62.
1118 2499 1400 2533 Emendaturis.
1466 2501 1564 2541 Iun„
1608 2487 1715 2540 Reg„

988 2560 1084 2591 Mor.
1109 2557 1213 2595 (Bel.
1235 2565 1259 2588 a
1282 2556 1312 2588 1.
1338 2558 1407 2594 m.)
1438 2555 1715 2588 emendaturus.

987 2613 1125 2644 var.
1183 2611 1287 2645 Conf,
1311 2613 1352 2654 1,
1381 2612 1426 2654 2,
1449 2612 1523 2653 36„
1547 2612 1581 2651 Ι,
1603 2610 1639 2650 7,
1662 2609 1715 2641 15.

987 2668 1059 2711 20.,
1081 2667 1148 2709 Ν,
1175 2666 1207 2709 1,
1236 2666 1310 2699 102.

1032 2757 1086 2788 63.
1123 2754 1341 2795 Placitum,
1396 2761 1488 2796 quae
1532 2752 1716 2793 placitura

987 2811 1149 2845 fuissent.
1196 2812 1250 2843 Do
1270 2809 1453 2851 sufferent,
1479 2809 1549 2840 vid.
1572 2809 1646 2842 not.
1669 2809 1715 2839 ad

985 2869 1018 2908 I,
1030 2868 1067 2908 3,
1078 2867 1132 2898 50.
1163 2866 1374 2899 Leid.nunc
1388 2872 1540 2915 qaoque.
1579 2864 1715 2904 (ἔμβη,
