1846 3146
213 181 314 231 1⁷4

464 180 520 229 Ρ.
558 179 783 231 ovmn
816 179 1135 236 NAsole
1171 181 1517 257 'rmsrrmm

211 303 490 369 Persequar
529 302 752 364 inferius,
787 304 936 355 modo
969 306 1014 355 si
1046 305 1169 355 licet
1201 303 1375 355 ordine
1407 304 1544 367 ferri,
1580 334 1591 345 ν

285 388 451 437 Posse
485 401 669 436 nocere
701 389 873 437 animis
910 391 1136 438 carminis
1172 404 1327 449 omne¹
1346 403 1516 454 genus.

216 472 337 521 Non
370 475 531 519 tamen
564 469 755 520 idcirco
792 473 973 521 crimen
1004 472 1134 522 liber
1160 473 1315 522 omnis
1342 471 1555 521 habebit.

1653 472 1755 522 265

281 554 375 605 Nil
408 552 629 621 prodest,
667 553 800 619 quod
833 571 932 605 non
963 555 1171 606 laedere
1205 557 1364 622 possit
1396 554 1540 604 idem.

215 688 360 731 netrt'oe,
377 688 520 731 incipit,
543 689 583 720 et
605 687 667 720 ubi
679 687 742 720 vel
754 688 790 721 in
803 697 872 730 quo
884 689 957 723 ita-

215 755 286 788 que
329 745 548 778 Aeneadum
598 743 778 785 ,qenetrioe
825 744 958 785 prima

214 803 295 844 est,
318 801 471 842 primum
493 797 580 833 libri
602 800 724 833 locum
751 802 867 844 tenet,
891 809 956 833 eae

218 866 288 900 que
320 857 443 890 statim
474 857 578 888 alma
605 856 729 888 Venus
754 865 841 897 esse
864 845 957 889 dici-

216 915 292 956 tur,
315 913 349 944 h.
373 920 405 944 e.
428 910 461 943 si
484 911 665 943 sumserit
696 919 852 943 carmen
874 910 956 943 Lu-

217 966 352 1000 cretii:
385 966 529 1010 statim,
566 967 598 999 si
629 969 799 1000 matrona
829 967 957 1000 talium

216 1033 341 1058 rerum
370 1023 659 1064 (nequitiarum)
688 1023 853 1055 studiosa
886 1025 958 1065 est,

219 1080 386 1121 [cupide]
411 1064 595 1120 requiret,
617 1078 718 1110 unde
741 1080 782 1116 (a
804 1087 874 1119 quo
897 1078 958 1111 vi·-

219 1139 284 1175 ro)
309 1136 415 1168 alma
438 1134 538 1172 (illa)
562 1133 688 1165 Venus
710 1134 862 1171 (festive
884 1135 957 1167 ite-

219 1201 300 1225 rum
323 1193 370 1224 ad
392 1188 615 1223 Lucretiana
647 1189 715 1221 illa
737 1190 884 1227 alludit)
907 1187 961 1221 sit

218 1250 319 1286 (cum
343 1247 469 1278 eadem
491 1247 702 1288 venustate,
726 1253 819 1286 quae
843 1244 959 1276 semel

218 1305 291 1337 iam
316 1303 430 1344 dixit',
462 1301 687 1335 Lucretiana
706 1300 824 1332 verba
846 1307 957 1340 repe-

218 1362 281 1399 tit)
304 1357 522 1391 Aeneadum
534 1355 723 1399 yenetrioe.
768 1357 824 1389 De
833 1357 958 1388 Naso-

179 1412 182 1422 “
219 1418 276 1450 nis
300 1416 502 1449 festivitate
524 1415 634 1455 atque
657 1411 841 1453 elegantia
858 1412 958 1443 allu-

219 1473 326 1505 dendi
357 1471 526 1513 pluribus
556 1469 709 1502 diximus
740 1470 787 1501 ad
809 1467 958 1500 Heroid.

215 1529 303 1562 Vol.
326 1529 352 1560 Ι.
377 1536 412 1568 p.
433 1527 606 1560 'LXXIV.
659 1526 762 1558 Haec
790 1523 960 1562 exempla

218 1585 304 1617 sunt
326 1583 364 1615 in
385 1582 457 1614 hoc
479 1581 576 1614 libro
587 1579 770 1614 Tristium.
814 1579 861 1612 V.
880 1579 958 1612 533.

282 1671 325 1701 Et
341 1673 443 1699 tamen
459 1668 514 1698 ille
532 1670 604 1696 tuae
627 1666 704 1694 felix
723 1665 878 1694 Aeneidos
900 1672 958 1694 au-

333 1758 472 1798 Gontulit
501 1757 535 1785 in
557 1713 775 1792 Ty'ri‘ggrarma
798 1754 959 1789 virumque

619 1804 718 1832 toros.

219 1853 267 1886 V.
290 1851 368 1884 559.

286 1925 390 1954 Pauca
423 1923 504 1957 (hinc
537 1923 588 1950 tibi
619 1922 721 1949 iubeas
743 1921 834 1955 leym
850 1921 959 1956 quibus

398 1969 496 2004 prima
514 1974 644 2003 surgens
662 1968 700 1995 ab
719 1966 838 2002 origine
855 1965 959 1994 mundi

286 2013 323 2042 In
340 2016 393 2043 tua
411 2011 523 2041 deduxi
541 2014 688 2047 tempora,
706 2010 830 2044 Caesar,
849 2016 936 2044 opus,

221 2097 304 2131 Vid.
340 2096 416 2129 not.
445 2095 493 2126 ad
520 2103 557 2126 v.
590 2092 667 2124 425.
699 2093 737 2124 et
764 2091 868 2123 Pont.
891 2090 959 2131 IV,

223 2148 288 2195 16,
312 2152 367 2184 34.
392 2151 531 2183 collato
556 2148 658 2181 erat.
682 2147 822 2188 Cyneg.
844 2154 881 2177 v.
903 2145 959 2176 23.

221 2209 270 2242 Et
304 2207 562 2249 repetitionem
604 2203 707 2235 illam
742 2201 961 2234 Aeneadum

222 2262 415 2305 yenetrioe,
461 2259 605 2294 etiamsi
648 2266 724 2291 non
765 2257 960 2297 alluderet,

223 2320 460 2359 Nasonianae
490 2315 701 2349 festivitatis
730 2321 834 2356 esse,
864 2311 961 2344 vidi-

222 2383 300 2407 mus
324 2376 370 2406 ad
393 2384 429 2406 v.
452 2374 530 2405 255.
558 2387 603 2396 -·
631 2371 817 2403 Venerem
840 2370 962 2400 autem

223 2429 270 2460 ab
294 2429 453 2462 Anchisa
466 2427 628 2461 Troiano
650 2428 804 2457 matrem
826 2425 962 2473 factam

225 2492 306 2516 esse
329 2486 479 2517 Aeneae
510 2486 548 2516 et
577 2484 761 2516 Romanos
796 2488 862 2521 per
885 2479 961 2512 Sil-

223 2540 344 2582 vium,
386 2542 535 2573 Aeneae
568 2546 616 2571 ex
648 2537 804 2571 Lavinia
836 2535 962 2576 filium,

223 2595 269 2626 ab
300 2596 427 2628 Aenea
457 2603 574 2637 genus
605 2594 774 2636 duxisse,
803 2592 963 2625 carmine

225 2651 432 2687 celebravit
468 2651 648 2697 Virgilius
691 2649 728 2683 in
770 2650 860 2683 Aen.
894 2647 963 2688 VI,

224 2710 302 2743 756.
347 2708 431 2741 Vid.
454 2708 621 2741 Macrob.
645 2707 721 2740 Sat.
743 2706 771 2737 I.
796 2713 826 2736 c.
847 2702 901 2735 12.
925 2703 964 2735 et

226 2766 307 2800 Liv.
330 2765 357 2796 Ι.
402 2765 506 2797 Hom.
537 2763 587 2813 11.-
608 2763 658 2804 Π,
688 2761 782 2803 819.,
805 2761 900 2800 Hyg.
921 2758 963 2791 F.

228 2824 283 2856 94.
337 2822 392 2854 De
415 2822 534 2853 forma
556 2817 773 2850 Aeneadum
795 2823 864 2856 pro
886 2813 963 2846 Ae-

227 2877 441 2912 neadarum
469 2874 543 2910 vid.
569 2872 746 2906 Priscian.
768 2871 850 2904 VII.
875 2878 906 2902 c.
930 2869 963 2901 3.

1023 692 1061 723 et
1082 693 1195 733 Leop.
1227 690 1428 723 Schneider
1457 689 1523 723 Gr.
1551 691 1632 724 Lat.
1654 691 1700 722 II.
1721 699 1757 732 p.

1021 748 1076 779 23.
1101 747 1231 788 quique
1254 746 1299 779 ab
1322 754 1367 779 eo
1381 738 1589 779 laudantur.
1635 746 1759 789 Goth„

1023 803 1107 844 seg.
1115 825 1131 845 ,
1158 802 1262 844 Rel.,
1295 803 1399 845 Put.,
1430 804 1528 845 Iun,
1551 803 1686 834 Bersm.
1719 801 1759 834 et

1022 859 1091 890 XII
1123 857 1186 890 alii
1214 858 1337 890 Heins.
1365 859 1404 890 et
1432 859 1487 890 ed.
1518 859 1655 890 Bonon.
1679 855 1758 889 Ae-

1022 912 1192 944 neadem.
1245 913 1323 945 Pal.
1355 912 1402 963 1„
1429 913 1532 947 Leid.
1561 914 1599 945 et
1626 912 1664 945 V
1695 911 1759 944 alii

1023 967 1161 1010 Heius„
1184 969 1313 1001 Dresd.
1342 977 1367 1001 a
1394 969 1428 1001 2.
1455 977 1502 1002 ιιι.
1545 966 1758 1000 Aeneidem.

1023 1023 1124 1055 Vett.
1148 1022 1228 1054 edd.
1251 1026 1402 1065 praeter
1415 1014 1758 1069 Bonon.Aeneiden.

1025 1078 1155 1112 Omnes
1192 1080 1361 1112 frustra.-
1411 1079 1534 1113 Guelf.
1573 1087 1603 1119 a*
1633 1079 1664 1112 1.
1695 1088 1758 1122 m.‚

1024 1136 1168 1177 Dresd.,
1191 1136 1314 1178 Bern.,
1336 1136 1414 1167 Pal.
1425 1135 1458 1167 2.
1481 1135 1588 1170 etiam
1606 1134 1757 1168 Aenea-

1025 1190 1124 1221 dum.
1147 1207 1193 1212 —
1214 1191 1292 1222 Iun.
1315 1190 1359 1222 ut
1376 1189 1518 1231 prima.
1564 1189 1708 1224 Pirckh.
1722 1192 1761 1222 et

1025 1243 1135 1278 Leidj
1157 1245 1232 1278 nisi
1261 1243 1403 1286 prima.
1457 1246 1505 1279 V.
1526 1242 1603 1278 262.
1638 1246 1759 1278 Berol.

1026 1301 1132 1332 alma
1164 1300 1217 1332 sit
1244 1301 1352 1333 unde.
1405 1301 1503 1334 Busl.
1525 1300 1599 1334 illa
1625 1301 1760 1334 Venus.

1069 1377 1147 1410 263.
1181 1372 1411 1420 Persequar.
1462 1379 1596 1413 Merul.
1606 1401 1622 1422 ,
1665 1379 1761 1420 Put,

1025 1435 1103 1465 Iun.
1126 1437 1164 1467 et
1183 1434 1296 1466 Valii
1316 1434 1440 1467 Heius.
1465 1436 1503 1466 et
1524 1434 1682 1466 eiusdem
1705 1434 1761 1465 ed.

1025 1497 1081 1529 pr.
1102 1496 1330 1531 prosequar.
1365 1506 1411 1513 --
1438 1487 1632 1531 Inferius;
1677 1496 1761 1521 nam

1025 1545 1111 1584 post
1135 1546 1278 1579 centum
1298 1545 1442 1586 „demum
1455 1552 1586 1576 versus
1599 1546 1653 1582 (v.
1665 1545 1760 1582 359.)

1024 1599 1120 1631 hunc
1139 1600 1262 1633 locum
1283 1600 1448 1632 tractare
1470 1599 1608 1640 incipit.

1068 1666 1142 1698 Pro
1174 1664 1279 1707 ferri
1312 1666 1443 1698 Dresd.
1454 1687 1470 1708 ,
1505 1674 1574 1707 pro
1604 1675 1640 1699 v.
1669 1675 1760 1710 sen,

1025 1721 1150 1763 Goth„
1174 1721 1312 1764 Berol.,
1342 1721 1467 1764 (Ji-ev„
1489 1722 1588 1765 Bel„
1609 1723 1761 1766 Bersm.,

1027 1786 1108 1810 cum
1129 1778 1216 1810 XIII
1237 1775 1319 1808 aIiIs
1342 1775 1463 1809 Heius.
1487 1778 1525 1810 et
1547 1778 1603 1809 ed.
1621 1777 1760 1811 Bonon-

1022 1832 1120 1877 fari.
1175 1832 1306 1866 Dresd.
1340 1840 1411 1873 pro
1443 1841 1481 1865 v.
1517 1841 1590 1867 scr.
1619 1842 1702 1867 meo
1728 1832 1778 1866 si.

1026 1887 1127 1920 licet.
1355 1890 1358 1891 ’

1070 1967 1148 1998 265.
1182 1968 1378 2007 Postquam
1407 1966 1478 1998 duo
1509 1964 1684 2006 carmina,
1708 1973 1761 1998 sc.

1025 2020 1120 2054 Enni
1152 2023 1190 2053 et
1217 2022 1396 2064 Lucreti,
1450 2021 1763 2063 commemoravit,

1026 2084 1118 2117 quae
1140 2078 1187 2108 ad
1208 2077 1433 2116 peccandum
1457 2076 1610 2108 allicere
1630 2075 1762 2116 legen-

1025 2132 1073 2166 tis
1125 2132 1282 2164 animum
1331 2134 1498 2174 possent,
1554 2131 1761 2165 concludit:

1024 2195 1265 2229 „persequar
1285 2186 1450 2230 inferius
1472 2187 1571 2220 hunc
1593 2187 1639 2220 de
1653 2186 1764 2219 libris

1027 2244 1164 2285 locum,
1189 2267 1198 2275 .
1222 2267 1231 2275 .
1257 2266 1284 2285 .,
1306 2251 1418 2285 posse
1439 2251 1578 2285 nocere
1600 2241 1761 2286 legenti-

1027 2298 1094 2332 bus
1118 2298 1243 2331 omnia
1265 2299 1438 2333 carmina
1466 2298 1546 2331 sine
1567 2297 1760 2335 discrimi-

1027 2365 1094 2397 ne,·
1117 2364 1193 2388 non
1215 2355 1342 2387 tamen
1363 2353 1510 2387 idcirco
1527 2353 1653 2387 omnia
1663 2363 1757 2387 car-

1027 2411 1132 2444 mina
1153 2412 1339 2444 damnosa
1357 2418 1561 2452 eorumque
1575 2407 1762 2452 confectio

1028 2467 1222 2501 scelerata
1254 2466 1475 2500 iudicantur
1506 2466 1586 2498 'sive
1612 2463 1762 2498 iudica-

1029 2523 1198 2555 buntur:
1232 2521 1327 2554 m'hil
1356 2520 1452 2561 enim
1475 2522 1532 2554 est
1554 2521 1632 2554 tam
1647 2520 1762 2562 «utile,

1029 2578 1074 2610 ut
1094 2586 1171 2610 non
1192 2577 1291 2611 idem
1321 2585 1466 2621 quoque
1489 2573 1579 2618 fieri
1605 2574 1763 2608 noxium

1027 2631 1189 2674 possit.“

1073 2701 1173 2734 Vett.
1197 2701 1294 2743 edd„
1316 2698 1425 2731 etiam
1453 2697 1508 2730 ed.
1540 2705 1596 2739 pr.
1625 2696 1763 2729 Heinsii
1785 2701 1821 2721 ··⁴

1029 2756 1202 2789 habetur.
1248 2755 1399 2789 Crimen
1419 2753 1563 2787 habere
1582 2753 1762 2794 apudNa-
1820 2750 1821 2753 ’

1029 2820 1155 2845 sonem
1172 2820 1247 2844 non
1263 2819 1398 2844 rarum.
1442 2811 1524 2843 Art.
1537 2808 1656 2850 A.111,
1669 2802 1768 2850 454,
1789 2820 1791 2824 ·

1031 2869 1119 2902 Met.
1141 2868 1208 2909 111,
1233 2866 1308 2900 142.
