1846 3146
646 165 1062 219 PRAEFATIO.
1458 178 1611 211 xxvii

99 295 326 346 ¹inductas
357 309 515 343 novas
539 292 804 358 scripturas
832 279 1093 355 plerasque
1126 287 1263 351 quasi
1283 283 1615 334 tumultuarias

98 386 245 445 atque
278 377 451 427 dubias
484 390 618 435 esse,
652 375 917 440 partimque
949 386 1106 419 meras
1139 371 1459 427 coniecturas,
1496 383 1615 431 quas

103 463 440 527 integerrimae
505 458 721 506 Nasonis
755 457 1023 520 scripturae
1066 465 1395 519 praepropere
1430 466 1613 517 suppo-

101 547 270 606 suerit,
302 544 472 610 partim
498 555 528 589 e
557 539 807 589 codicibus
839 536 1015 595 multis,
1050 537 1236 602 paucis,
1271 533 1614 592 mediocribuS,

103 628 341 693 pessimus,
374 624 657 690 plerumque
690 624 795 670 sine
828 622 1017 674 ratione
1052 633 1164 668 esse
1199 617 1458 677 conflatas,
1494 630 1618 680 quae

105 725 203 759 non
231 707 405 757 solum
426 708 706 773 optimorum
742 718 1035 770 quorumque
1061 700 1283 751 codicum
1316 715 1457 748 manu
1490 700 1617 747 scri-

50 787 54 790 ’
107 796 295 859 ptorum
322 791 609 849 consensui,
644 787 735 837 sed
766 789 909 836 etiam
953 787 1144 852 optimis
1187 782 1440 832 veteribus
1486 779 1616 840 edd„

103 878 157 923 et
184 886 422 939 persaepe
455 874 596 920 etiam
629 872 803 920 rationi
837 870 1108 918 sententiae
1135 868 1464 930 orationisque
1498 879 1619 912 con-

103 957 263 1010 textui
297 958 580 1020 repugnent.

202 1036 311 1087 Sed
341 1042 394 1085 ut
427 1051 504 1096 eo,
538 1034 672 1086 unde
700 1035 796 1085 huc
826 1035 1109 1093 declinavit,
1146 1035 1410 1082 revocetur
1442 1031 1617 1088 oratio,

0 1146 6 1179 3
108 1120 173 1170 de
206 1119 429 1184 gentibus
463 1134 522 1168 ac
553 1118 788 1183 singulari
816 1120 1108 1183 cognatione
1143 1114 1365 1164 codicum
1399 1112 1622 1178 equidem

107 1202 454 1268 longa—eorum
487 1204 722 1251 tractione
757 1200 886 1250 nihil
910 1199 1017 1248 fere
1056 1197 1191 1247 aliud
1224 1213 1315 1264 pro
1349 1201 1486 1245 certo
1530 1210 1623 1243 ex—

0 1272 9 1354 ⁷1
111 1285 309 1352 plorare
348 1286 511 1350 potui,
557 1286 651 1332 nisi
695 1283 895 1332 codices
928 1281 1216 1330 Vaticanum
1251 1279 1315 1338 I.,
1349 1277 1623 1326 Palatinum

112 1369 177 1416 Π.
211 1369 323 1432 (qui
358 1372 434 1414 est
466 1367 658 1415 Heinsii
688 1366 939 1414 Palatinus
973 1365 1065 1425 L),
1100 1370 1351 1426 utrumque
1392 1359 1625 1408 Politiani

0 1445 20 1516 ’ζ’
108 1456 161 1499 et
173 1447 451 1498 Mediceum
483 1449 728 1498 nonnullis
757 1450 806 1496 in
839 1448 964 1497 locis
994 1445 1304 1511 gravioribus
1331 1444 1627 1508 conspirare.

111 1531 444 1581 Berolinensis
478 1537 536 1580 et
566 1531 1038 1580 Pirckheimerianus
1086 1532 1136 1578 in
1181 1544 1242 1577 eo
1282 1527 1465 1575 similes
1500 1530 1631 1582 sunt,

114 1614 246 1680 quod
296 1612 465 1662 eadem
508 1620 787 1678 argumenta
829 1615 940 1661 sive
988 1613 1244 1660 carminum
1287 1624 1516 1666 summas,
1562 1621 1628 1655 ex
1644 1657 1664 1671 α

114 1713 212 1746 uno
243 1695 494 1746 versiculo
528 1701 830 1754 constantes,
881 1695 1141 1742 continent.
1208 1691 1437 1756 Magnam
1457 1694 1628 1738 ‘autem

115 1779 478 1831 similitudinem
495 1777 687 1835 habent,
725 1781 948 1840 quantum
979 1774 1170 1839 quidem
1203 1789 1234 1822 e
1267 1772 1628 1830 collationibus,

118 1857 287 1921 quales
321 1873 385 1907 ex
402 1859 594 1907 Heinsii
626 1857 822 1907 schedis
854 1856 1174 1923 possidemus,
1210 1855 1416 1904 iudicari
1449 1859 1628 1920 potest,

116 1939 367 1989 Palatinus
409 1941 450 1989 Ι.
491 1946 542 1989 et
585 1938 736 1989 editio
770 1942 1019 2005 princeps,
1069 1954 1192 2004 quae
1225 1936 1489 1986 similitudo
1525 1951 1632 1985 cum

117 2023 167 2069 in
195 2022 396 2087 reliquis
414 2023 644 2071 'Pi-istium
673 2023 812 2071 libris
846 2023 1063 2071 omnibus
1097 2023 1324 2079 cernitur,
1359 2027 1458 2067 tum
1475 2020 1631 2066 maxi-

20 2155 26 2165 ,
122 2106 274 2152 mein
302 2104 427 2154 libro
462 2107 542 2165 11„
577 2107 627 2154 in
662 2121 755 2170 quo
772 2107 963 2154 nonnisi
995 2107 1045 2152 in
1080 2104 1267 2152 duobus
1299 2102 1426 2151 locis
1460 2102 1631 2151 diver-

122 2203 203 2235 sas
235 2204 266 2236 a
293 2203 355 2237 se
387 2190 597 2237 invicem
628 2194 771 2253 atque
799 2193 1068 2254 pugnantes
1095 2189 1360 2252 scripturas
1379 2185 1629 2243 exhibent,

123 2275 174 2318 et
204 2272 254 2318 in
287 2270 532 2336 plerisque
564 2271 881 2320 varietatibus
924 2270 1139 2319 omnibus
1173 2269 1259 2317 vel
1294 2271 1343 2315 in
1378 2270 1461 2327 iis,
1512 2282 1635 2331 quae

126 2353 401 2417 singulares
425 2359 476 2402 et
509 2354 849 2402 insolentiores
884 2358 1009 2408 sunt,
1046 2355 1164 2400 mire
1182 2353 1448 2416 conpirant.
1513 2349 1632 2398 Vid.

125 2436 189 2495 Π,
224 2435 302 2484 05.
334 2435 413 2483 80.
445 2435 522 2484 85.
556 2439 642 2484 99.
678 2437 787 2486 100.
819 2434 1065 2484 113.118.
1098 2434 1349 2483 138147.
1379 2432 1490 2481 153.
1521 2432 1634 2481 158.

128 2519 239 2567 100.
280 2519 401 2567 170.
447 2519 558 2568 208.
603 2518 713 2567 200.
759 2517 868 2565 237.
916 2517 1027 2565 238.
1072 2517 1182 2565 208.
1215 2516 1343 2565 273.
1378 2515 1489 2564 278.
1524 2516 1636 2563 282.

126 2599 238 2649 304.
264 2587 396 2653 305.
443 2600 554 2650 300.
598 2600 710 2648 321.
756 2599 867 2648 378.
909 2599 1020 2648 385.
1063 2599 1174 2647 420.
1216 2598 1326 2647 403.
1363 2599 1473 2646 472.
1509 2599 1636 2646 498.

130 2683 240 2731 526.
276 2682 386 2731 530.
454 2682 731 2731 Similitudo
767 2683 974 2746 denique
1009 2682 1220 2730 Palatini
1253 2682 1291 2729 I.
1327 2687 1376 2730 et
1410 2680 1638 2730 editionis

33 2812 41 2814 -
132 2765 254 2813 Ven.
288 2783 330 2813 a.
364 2765 509 2824 1486,
543 2768 703 2829 itaque
735 2768 877 2813 etiam
899 2765 1039 2813 huius
1070 2771 1119 2813 et
1146 2764 1372 2813 editionis
1390 2765 1639 2829 principis,

30 2844 37 2883 f
131 2847 382 2896 manifesta
414 2854 488 2896 est
522 2863 586 2896 ex
622 2849 696 2900 iis.
724 2858 856 2913 'quae
889 2865 1034 2913 supra
1073 2847 1315 2913 disputata
1348 2853 1470 2895 sunt.
1540 2846 1637 2894 At-
