1846 3146
599 197 729 250 Lm.
762 197 803 247 1.
850 191 1053 246 ELEG.
1085 190 1154 241 X.

1540 183 1638 235 121

107 318 261 400 'Quae
294 323 437 375 simul
468 321 683 373 Aeoliae
713 332 844 368 mare
877 330 953 366 me
988 311 1195 364 deduxit
1228 310 1279 358 in
1302 305 1509 393 Helles,
1574 305 1643 355 15

166 409 255 459 Et
285 407 485 472 longum
518 405 650 453 tenni
681 402 836 451 limite
867 399 989 448 fecit
1019 397 1144 455 iter3

120 492 377 555 Fleximus
409 491 460 537 in
494 487 688 536 laevum
722 498 908 542 cursus,
944 483 994 528 et
1027 477 1087 527 ab
1121 474 1355 525 Hectoris
1387 470 1509 522 urbe

188 573 424 623 Venimus
457 569 522 619 ad
554 573 749 636 porum,
783 564 962 615 Imbria
993 565 1142 619 terra,
1177 562 1303 607 tuos.

74 708 82 715 ·
123 706 185 744 nm
215 705 316 740 Naso
349 702 548 737 exsulabat.
572 682 576 683 ⁷
603 702 665 735 rr.
695 701 769 742 111,
802 698 851 740 9.,

56 781 60 784 -
124 763 192 804 111,
214 761 271 804 14,
289 759 343 794 48.
387 749 480 791 Hinc
502 755 670 789 oet-'cum
682 754 772 787 litus
782 761 850 795 pro

88 827 98 830 ·
124 816 315 854 Tomitana
331 813 561 856 regionepet
571 811 716 851 saepius
739 809 774 841 in
797 807 851 840 ills

124 869 343 906 carminibus
366 875 425 910 ea,
448 875 539 909 quae
551 867 596 898 ad
608 867 740 898 Tomos
763 871 851 904 per-

126 928 255 968 tinent,
278 924 408 958 Getica
422 922 665 964 appellantur.
709 921 762 952 De
774 919 851 951 Ge-

128 983 244 1033 tarum
274 981 384 1021 gente
412 977 483 1010 vid.
515 978 622 1010 etiam
645 974 713 1008 Dio
736 974 795 1006 Ll.
820 979 852 1004 c.

126 1037 204 1078 22.,
233 1034 386 1075 Appian.
413 1032 533 1066 maer.
563 1031 597 1071 S.
627 1030 659 1063 4.
697 1031 734 1061 et
763 1027 852 1060 Plin.

124 1091 190 1124 Ν.
214 1097 245 1122 c.
270 1088 322 1121 12.
313 1109 338 1131 .,
361 1087 420 1129 qui
441 1085 644 1119 anomanis
662 1091 741 1116 eam
762 1089 854 1124 gen-

127 1148 199 1179 tem
223 1146 343 1178 Dacos
367 1141 438 1174 dici
462 1141 583 1186 tradit.
631 1142 639 1148 ·

173 1209 228 1245 15.
262 1206 432 1249 Sequitur
477 1204 684 1250 descriptio=
715 1201 855 1236 itineris

129 1263 246 1296 navis.
292 1264 324 1295 A
348 1262 544 1296 cenchreis
572 1253 676 1294 recta
699 1261 744 1291 ad
766 1258 858 1291 Hel-

128 1312 333 1360 lespontum
369 1321 407 1350 et
427 1318 512 1351 litus
535 1317 730 1350 Asiaticum
752 1313 858 1346 vide-

129 1376 192 1407 tur
215 1373 415 1414 traiecisse,
437 1377 462 1404 a
482 1373 625 1405 Troade
642 1373 761 1402 autem
785 1376 858 1401 non

130 1429 247 1470 ipsum
269 1428 541 1469 Hellespontum
562 1426 736 1466 intrasse,
768 1430 859 1464 quae

105 1475 345 1516 'brevissimi
376 1483 439 1515 via
477 1483 579 1523 erat,
610 1481 675 1512 sed
708 1479 859 1520 primum

131 1539 179 1571 ad
206 1538 293 1570 litus
325 1537 500 1570 Thraciae
530 1539 567 1568 et
596 1538 669 1567 tum
704 1535 858 1574 demum,

131 1595 243 1635 poeta
270 1592 307 1624 in
329 1590 580 1624 Samothracia
601 1588 757 1629 relicto,
792 1594 860 1627 per

132 1647 407 1689 nenoepontnm
429 1653 572 1678 cursum
595 1652 694 1676 suum
713 1642 749 1674 in
761 1644 861 1683 Scy-

135 1704 245 1736 thiam
266 1702 452 1734 direxisse.
495 1700 567 1733 ma
586 1705 693 1730 mare
713 1695 752 1727 in
769 1695 862 1727 Hel-

135 1759 192 1790 les
213 1759 265 1790 ita
287 1752 463 1797 capienda
483 1756 588 1794 sunt,
618 1754 658 1783 ut
680 1752 860 1784 Nasonem

134 1816 200 1846 aut
228 1813 344 1844 ninus
377 1810 520 1843 definite
548 1806 647 1848 loqui
682 1807 862 1847 putemus,

137 1877 218 1901 curn
253 1874 370 1908 prope
411 1867 554 1897 tantum
589 1861 863 1901 neuospontum

137 1916 324 1963 fectinet
346 1921 468 1953 dicere
491 1917 673 1951 debuisset
700 1915 770 1956 ad,
801 1916 864 1946 aut

138 1971 367 2016 Hellesponti
395 1975 483 2007 fines
519 1981 599 2005 eum
639 1970 734 2003 citra
769 1969 867 2011 ipsas

138 2030 250 2064 maris
262 2024 447 2072 angustias
460 2027 682 2067 extendisse,
703 2027 767 2057 aut
778 2032 868 2056 vere

140 2092 222 2117 eun
239 2084 516 2126 Hellespontum
537 2083 692 2114 intrasse
702 2080 810 2121 atque
830 2080 868 2111 in

137 2141 227 2174 loco
249 2141 421 2181 quodam,
451 2146 554 2180 quen
583 2137 770 2169 nominare
799 2144 869 2168 no·-

142 2195 268 2237 luerit,
289 2194 488 2235 appulisse,
510 2195 547 2225 et
573 2194 646 2224 tum
670 2193 807 2223 demum
828 2189 869 2221 in

141 2250 290 2282 laevum
321 2256 450 2282 versus
490 2247 678 2280 Thraciam
718 2253 870 2278 cursum

142 2300 318 2347 flea-isse}
355 2303 470 2336 Mare.
498 2301 625 2333 Helles
659 2309 680 2333 e
725 2301 870 2334 Graeco

141 2354 423 2400 Ἑλλήσποντος,
446 2360 487 2390 ιιι
508 2358 593 2394 fler.
614 2358 713 2398 xlx,
730 2356 812 2391 120.
834 2357 873 2388 et

146 2416 234 2448 uet.
265 2414 330 2454 xl,
359 2413 434 2445 195.
485 2412 611 2454 nelle,
646 2412 721 2443 filia.
757 2412 872 2444 Atha-

143 2468 313 2509 naumis,
336 2468 401 2499 filii
422 2468 529 2499 Aeoli
551 2484 595 2490 —-
618 2467 699 2498 hinc
721 2465 874 2498 Aeoliae

147 2542 193 2550 —
213 2526 250 2556 et
271 2522 472 2564 Nepheles‚
506 2529 598 2562 quae
624 2529 702 2553 cum
726 2521 872 2561 Phry-xo

145 2581 265 2612 fratre
303 2579 388 2610 Inus
423 2583 607 2608 novercae
640 2575 783 2606 insidias
811 2575 873 2605 fu-

147 2628 249 2678 giens
277 2635 313 2666 in
343 2631 457 2663 ariete
487 2637 599 2661 aureo
633 2628 774 2660 vellere
794 2627 874 2659 ire-

151 2692 225 2722 tu'm
247 2690 316 2720 hoc
340 2686 586 2722 transmittere
617 2685 750 2715 conata
774 2682 875 2714 deci-

149 2743 216 2785 dit,
239 2743 456 2780 inventaque
480 2741 595 2770 morte
617 2738 707 2769 mari
730 2738 784 2769 illi
806 2746 876 2768 no-

149 2805 230 2829 men
253 2796 361 2828 dedit.
404 2795 575 2835 Apollod.
597 2795 625 2824 1.
649 2801 681 2825 c.
705 2793 752 2835 9.,
781 2794 876 2833 nyg.

152 2853 193 2890 F,
217 2851 340 2893 1—-2,
363 2850 549 2886 ov.„1·'ast.
573 2850 641 2891 111,
662 2847 755 2889 3³1„
790 2848 878 2879 Met.

918 695 983 737 xl,
1007 693 1082 727 195.
1126 690 1222 732 nel„
1248 691 1345 723 Mor.
1367 689 1406 721 et
1426 684 1528 720 Leid-
1545 682 1646 716 Aeo·

917 748 1030 782 lidae.
1084 747 1140 780 De
1174 744 1419 778 collocatione
1451 739 1644 783 praeposi-

917 803 1035 836 tionis
1052 802 1148 834 inter
1177 808 1323 843 nomen,
1357 799 1453 840 quod
1474 796 1585 838 regit,
1609 796 1646 826 et

917 858 1138 900 genitivum,
1178 856 1235 897 qui
1263 856 1309 888 ab
1338 862 1383 886 eo
1414 853 1569 894 pendet,
1592 849 1649 881 di·

919 916 1014 947 ctum
1037 915 1092 945 est
1114 912 1160 944 ad
1183 913 1215 953 1,
1238 911 1275 953 9,
1288 908 1342 942 11.
1386 909 1511 949 Neque
1530 906 1649 938 inter-

919 969 1030 1001 iectio
1053 967 1148 1000 alius
1170 965 1275 998 verbi
1298 964 1375 996 sine
1390 961 1563 1003 exemplis
1575 963 1648 991 est:

919 1023 988 1065 IV,
1014 1023 1051 1065 8,
1082 1021 1134 1054 11.
1167 1018 1278 1062 inque
1318 1027 1474 1051 securus
1501 1014 1649 1058 patria.

919 1079 1031 1120 Seg.,
1059 1077 1162 1119 Bel„
1192 1074 1299 1108 Goth.
1328 1077 1367 1107 et
1397 1075 1432 1106 Π
1452 1073 1577 1106 neins.
1600 1068 1652 1102 ad

843 1125 858 1150 s
920 1131 1060 1164 Helles.

966 1207 1019 1240 16.
1057 1203 1173 1239 Tenui
1213 1202 1331 1237 lintite
1365 1206 1558 1244 perperam
1609 1198 1655 1230 de

923 1263 1078 1304 angusta
1106 1261 1215 1293 maris
1245 1260 1306 1292 via
1338 1256 1555 1296 intelligunt.
1608 1252 1656 1284 Ut

922 1315 1087 1358 liquidus
1110 1323 1192 1357 aer,
1215 1313 1361 1356 liquida
1383 1318 1483 1352 aqua
1511 1312 1552 1342 et
1571 1310 1655 1342 inde

923 1371 1104 1415 liquidum
1125 1370 1201 1403 iter
1229 1369 1438 1411 appellatur
1467 1373 1533 1407 per
1555 1372 1656 1397 mare

924 1432 963 1462 et
991 1428 1084 1461 aera
1113 1426 1220 1465 (Vid.
1251 1426 1359 1465 Prop.
1389 1422 1463 1463 111,
1492 1422 1556 1463 20,
1588 1421 1657 1463 14.,

924 1484 1029 1524 Virg.
1059 1484 1103 1515 A.
1131 1482 1182 1524 V,
1205 1481 1319 1517 2170:
1355 1477 1409 1510 sic
1440 1476 1547 1508 etiam
1577 1483 1658 1507 cum

925 1536 1048 1570 tenuis
1076 1543 1177 1577 aqua
1206 1535 1306 1574 (vid.
1335 1533 1435 1565 Fast-
1477 1532 1527 1573 11,
1562 1531 1659 1568 250.)

927 1593 1085 1633 dicatur,
1098 1589 1251 1622 tenuis
1274 1587 1392 1628 limes,
1419 1584 1573 1619 tenuis
1594 1584 1660 1617 cia

928 1650 973 1681 de
1003 1650 1135 1680 natura
1171 1644 1280 1677 maris
1308 1646 1412 1675 recte
1444 1642 1590 1675 dicitur.
1616 1657 1660 1663 —

930 1703 1039 1738 crev.
1064 1700 1230 1734 tramite.

972 1779 1026 1813 1⁷.
1057 1778 1115 1812 Ab
1138 1775 1314 1811 Hectoris
1334 1773 1438 1809 urbe.
1484 1774 1564 1807 Put.
1583 1780 1606 1804 a
1629 1771 1661 1804 1.

928 1837 990 1878 ιιι,
1011 1835 1089 1868 Pol.
1112 1834 1142 1867 1.
1148 1855 1163 1876 ,
1193 1834 1264 1865 duo
1294 1831 1417 1865 Heius.
1441 1831 1479 1863 et
1501 1829 1578 1861 eius
1600 1828 1657 1859 ed.

927 1900 984 1933 pr.
1007 1892 1046 1923 et
1075 1890 1130 1923 VI
1161 1889 1250 1920 vett.
1281 1887 1361 1919 edd.
1382 1892 1479 1917 saec.
1502 1885 1582 1917 XV.
1605 1882 1662 1916 A-

935 1944 1066 1979 otor-is.
1118 1944 1195 1977 Pal.
1224 1940 1563 1984 1.‚rirck11.‚rut.
1586 1947 1608 1971 a
1630 1939 1662 1971 2.

934 2002 1146 2044 121„ch
1169 2001 1207 2031 et
1228 1997 1360 2038 reliqui
1382 1997 1519 2038 Heius„
1542 1997 1646 2026 Bern.
1638 2015 1663 2036 .,

934 2057 1063 2091 Dresd.
1055 2078 1079 2098 .,
1102 2055 1225 2102 Goth„
1248 2049 1664 2094 Guelf„Bel.,Be1-ol.,

936 2112 1043 2146 Crev.
1035 2132 1066 2155 .,
1099 2110 1179 2142 edd.
1208 2100 1330 2140 Parni:
1361 2108 1398 2139 et
1428 2107 1564 2140 eonon.
1586 2105 1665 2137 He-

934 2161 1394 2200 cteris.1,eid.lct0ris.

980 2244 1090 2285 „Ego
1112 2241 1302 2282 legendum
1325 2238 1485 2271 arbitror
1504 2236 1667 2269 abner-

936 2296 1033 2330 culis
1060 2295 1171 2336 urbe,
1200 2299 1239 2327 ut
1275 2293 1491 2326 Heracleam
1528 2292 1667 2324 intelli-

937 2354 1016 2394 gat,
1040 2359 1133 2392 quae
1156 2351 1256 2392 urbs,
1280 2351 1320 2381 ut
1342 2350 1472 2379 auctor
1498 2350 1555 2379 est
1577 2348 1668 2379 Pto-
1724 2343 1730 2351 ”

938 2408 1116 2448 lomaeuS,
1137 2406 1206 2438 fuit
1228 2406 1264 2437 in
1287 2411 1355 2436 ora
1382 2402 1520 2434 sinistri
1547 2402 1669 2434 litoris

938 2461 1179 2503 Propontidis.
1221 2460 1357 2491 Verum
1370 2458 1403 2489 si
1426 2458 1669 2499 intelligimus,

939 2521 1084 2559 poetam
1106 2517 1262 2548 nondum
1284 2513 1428 2546 venisse
1456 2513 1494 2544 in
1522 2512 1670 2544 Helles-

939 2576 1101 2615 pontum,
1123 2572 1187 2604 sed
1210 2570 1326 2601 adhuc
1341 2569 1460 2600 *fuisse
1474 2568 1510 2599 in
1524 2568 1671 2608 Aegaeo

942 2627 999 2659 illi
1029 2627 1259 2667 propinquo,
1292 2625 1385 2665 quod
1421 2624 1499 2664 ipse
1527 2623 1672 2654 videtur

943 2683 1214 2722 Hellespontum
1227 2679 1428 2720 nominare,
1435 2678 1538 2719 leges
1548 2685 1672 2710 emen-

943 2737 1026 2768 date
1054 2736 1102 2768 ab
1137 2732 1315 2768 Hectoris
1345 2734 1457 2775 urbe,
1481 2734 1503 2764 i.
1533 2741 1566 2764 e.
1587 2733 1672 2773 llio,

942 2798 1035 2831 quae
1058 2799 1105 2823 ex
1130 2792 1280 2832 Aegaeo
1310 2789 1584 2829 Hellespontum
1615 2786 1674 2818 in-

943 2845 1142 2887 gredientis
1163 2848 1247 2891 erat
1267 2847 1300 2877 ιι
1313 2845 1454 2877 dextra.
1502 2842 1672 2875 Merula.

1205 2908 1228 2936 ᾖ
