<?xml version="1.0" encoding="UTF-8"?>
<!DOCTYPE html PUBLIC "-//W3C//DTD XHTML 1.0 Transitional//EN"
    "http://www.w3.org/TR/xhtml1/DTD/xhtml1-transitional.dtd">
<html xmlns="http://www.w3.org/1999/xhtml" xml:lang="en" lang="en">
 <head>
  <title>
</title>
<meta http-equiv="Content-Type" content="text/html;charset=utf-8" />
  <meta name='ocr-system' content='tesseract 3.04.00' />
  <meta name='ocr-capabilities' content='ocr_page ocr_carea ocr_par ocr_line ocrx_word'/>
</head>
<body>
  <div class='ocr_page' id='page_1' title='image "./tristiumlibriqui00oviduoft_0045.png"; bbox 0 0 1846 3146; ppageno 0'>
   <div class='ocr_carea' id='block_1_1' title="bbox 0 2641 15 2757">
    <p class='ocr_par' dir='ltr' id='par_1_1' title="bbox 0 2641 15 2757">
     <span class='ocr_line' id='line_1_1' title="bbox 0 2641 15 2757; textangle 90"><span class='ocrx_word' id='word_1_1' title='bbox 0 2641 15 2757; x_wconf 47' lang='lat' dir='ltr'><strong>*fi-mnucv</strong></span> 
     </span>
    </p>
   </div>
   <div class='ocr_carea' id='block_1_2' title="bbox 0 2786 17 3146">
    <p class='ocr_par' dir='ltr' id='par_1_2' title="bbox 0 2764 17 3146">
     <span class='ocr_line' id='line_1_2' title="bbox 0 2786 17 3146; textangle 90"><span class='ocrx_word' id='word_1_2' title='bbox 0 2966 17 3146; x_wconf 39' lang='lat' dir='ltr'><strong>:evm-mn</strong></span> <span class='ocrx_word' id='word_1_3' title='bbox 0 2844 17 2945; x_wconf 54' lang='lat' dir='ltr'><strong>‚aua-r-</strong></span> <span class='ocrx_word' id='word_1_4' title='bbox 7 2826 11 2834; x_wconf 64' lang='lat'><em>„</em></span> <span class='ocrx_word' id='word_1_5' title='bbox 0 2786 7 2794; x_wconf 92' lang='lat'><strong>-·</strong></span> 
     </span>
    </p>
   </div>
   <div class='ocr_carea' id='block_1_3' title="bbox 590 158 1600 226">
    <p class='ocr_par' dir='ltr' id='par_1_3' title="bbox 590 158 1600 226">
     <span class='ocr_line' id='line_1_3' title="bbox 590 158 1600 226; baseline -0.011 -13"><span class='ocrx_word' id='word_1_6' title='bbox 590 158 1133 223; x_wconf 73' lang='lat' dir='ltr'><strong>PnomeoMENA.</strong></span> <span class='ocrx_word' id='word_1_7' title='bbox 1565 176 1600 226; x_wconf 79' lang='lat'>⁷</span> 
     </span>
    </p>
   </div>
   <div class='ocr_carea' id='block_1_4' title="bbox 104 267 1616 772">
    <p class='ocr_par' dir='ltr' id='par_1_4' title="bbox 104 267 1615 627">
     <span class='ocr_line' id='line_1_4' title="bbox 186 267 1615 340; baseline -0.009 -10"><span class='ocrx_word' id='word_1_8' title='bbox 186 290 276 330; x_wconf 86' lang='lat' dir='ltr'><strong>lam</strong></span> <span class='ocrx_word' id='word_1_9' title='bbox 302 286 539 340; x_wconf 75' lang='lat' dir='ltr'><strong>videamus,</strong></span> <span class='ocrx_word' id='word_1_10' title='bbox 570 296 653 339; x_wconf 89' lang='lat' dir='ltr'><strong>quo</strong></span> <span class='ocrx_word' id='word_1_11' title='bbox 680 283 818 324; x_wconf 84' lang='lat' dir='ltr'><strong>exsilii</strong></span> <span class='ocrx_word' id='word_1_12' title='bbox 837 294 948 324; x_wconf 86' lang='lat' dir='ltr'><strong>anno</strong></span> <span class='ocrx_word' id='word_1_13' title='bbox 970 280 1129 336; x_wconf 85' lang='lat' dir='ltr'>singuli</span> <span class='ocrx_word' id='word_1_14' title='bbox 1140 279 1232 320; x_wconf 85' lang='lat' dir='ltr'><strong>libri</strong></span> <span class='ocrx_word' id='word_1_15' title='bbox 1247 267 1461 332; x_wconf 77' lang='lat' dir='ltr'><strong>Tristlum,</strong></span> <span class='ocrx_word' id='word_1_16' title='bbox 1492 277 1615 318; x_wconf 84' lang='lat' dir='ltr'><strong>euius</strong></span> 
     </span>
     <span class='ocr_line' id='line_1_5' title="bbox 104 347 1614 410; baseline -0.01 -8"><span class='ocrx_word' id='word_1_17' title='bbox 104 362 167 402; x_wconf 90' lang='lat' dir='ltr'><strong>rei</strong></span> <span class='ocrx_word' id='word_1_18' title='bbox 195 371 354 401; x_wconf 80' lang='lat' dir='ltr'><strong>caussa</strong></span> <span class='ocrx_word' id='word_1_19' title='bbox 380 359 452 399; x_wconf 91' lang='lat' dir='ltr'><strong>illa</strong></span> <span class='ocrx_word' id='word_1_20' title='bbox 479 355 803 410; x_wconf 78' lang='lat' dir='ltr'><strong>disputavimus,</strong></span> <span class='ocrx_word' id='word_1_21' title='bbox 832 354 917 395; x_wconf 90' lang='lat' dir='ltr'><strong>sint</strong></span> <span class='ocrx_word' id='word_1_22' title='bbox 933 350 1301 405; x_wconf 77' lang='lat' dir='ltr'><strong>compositi3nam</strong></span> <span class='ocrx_word' id='word_1_23' title='bbox 1328 348 1500 390; x_wconf 83' lang='lat' dir='ltr'><strong>diverso</strong></span> <span class='ocrx_word' id='word_1_24' title='bbox 1519 347 1614 395; x_wconf 83' lang='lat' dir='ltr'><strong>edi-</strong></span> 
     </span>
     <span class='ocr_line' id='line_1_6' title="bbox 106 420 1615 484; baseline -0.01 -10"><span class='ocrx_word' id='word_1_25' title='bbox 106 439 175 475; x_wconf 87' lang='lat' dir='ltr'><strong>tos</strong></span> <span class='ocrx_word' id='word_1_26' title='bbox 203 438 392 484; x_wconf 90' lang='lat' dir='ltr'><strong>tempore</strong></span> <span class='ocrx_word' id='word_1_27' title='bbox 413 428 682 481; x_wconf 13' lang='lat' dir='ltr'><strong>*Romamque</strong></span> <span class='ocrx_word' id='word_1_28' title='bbox 707 427 866 467; x_wconf 91' lang='lat' dir='ltr'><strong>missos</strong></span> <span class='ocrx_word' id='word_1_29' title='bbox 894 437 1012 478; x_wconf 87' lang='lat' dir='ltr'><strong>esse,</strong></span> <span class='ocrx_word' id='word_1_30' title='bbox 1044 435 1140 464; x_wconf 91' lang='lat' dir='ltr'><strong>cum</strong></span> <span class='ocrx_word' id='word_1_31' title='bbox 1160 434 1215 477; x_wconf 72' lang='lat' dir='ltr'><strong>ex</strong></span> <span class='ocrx_word' id='word_1_32' title='bbox 1239 422 1334 475; x_wconf 90' lang='lat' dir='ltr'><strong>ipsa</strong></span> <span class='ocrx_word' id='word_1_33' title='bbox 1367 421 1530 462; x_wconf 89' lang='lat' dir='ltr'><strong>ratione</strong></span> <span class='ocrx_word' id='word_1_34' title='bbox 1561 420 1615 460; x_wconf 89' lang='lat' dir='ltr'><strong>li-</strong></span> 
     </span>
     <span class='ocr_line' id='line_1_7' title="bbox 106 492 1614 555; baseline -0.007 -11"><span class='ocrx_word' id='word_1_35' title='bbox 106 504 272 544; x_wconf 87' lang='lat' dir='ltr'><strong>brorum</strong></span> <span class='ocrx_word' id='word_1_36' title='bbox 300 499 409 555; x_wconf 83' lang='lat' dir='ltr'><strong>(vid.</strong></span> <span class='ocrx_word' id='word_1_37' title='bbox 436 501 472 554; x_wconf 84' lang='lat'><strong>1,</strong></span> <span class='ocrx_word' id='word_1_38' title='bbox 503 499 544 554; x_wconf 91' lang='lat'><strong>1,</strong></span> <span class='ocrx_word' id='word_1_39' title='bbox 577 498 657 554; x_wconf 66' lang='lat'><strong>11„</strong></span> <span class='ocrx_word' id='word_1_40' title='bbox 685 499 763 553; x_wconf 88' lang='lat' dir='ltr'><strong>III,</strong></span> <span class='ocrx_word' id='word_1_41' title='bbox 794 497 834 552; x_wconf 92' lang='lat'><strong>1,</strong></span> <span class='ocrx_word' id='word_1_42' title='bbox 866 495 956 549; x_wconf 85' lang='lat'><strong>14.)</strong></span> <span class='ocrx_word' id='word_1_43' title='bbox 977 494 1165 548; x_wconf 78' lang='lat' dir='ltr'><strong>discitur,</strong></span> <span class='ocrx_word' id='word_1_44' title='bbox 1195 499 1284 534; x_wconf 92' lang='lat' dir='ltr'><strong>tum</strong></span> <span class='ocrx_word' id='word_1_45' title='bbox 1303 492 1473 534; x_wconf 82' lang='lat' dir='ltr'><strong>disertis</strong></span> <span class='ocrx_word' id='word_1_46' title='bbox 1486 497 1614 546; x_wconf 88' lang='lat' dir='ltr'><strong>poeta</strong></span> 
     </span>
     <span class='ocr_line' id='line_1_8' title="bbox 106 564 1338 627; baseline -0.009 -12"><span class='ocrx_word' id='word_1_47' title='bbox 106 575 250 615; x_wconf 89' lang='lat' dir='ltr'><strong>verbis</strong></span> <span class='ocrx_word' id='word_1_48' title='bbox 276 574 381 627; x_wconf 90' lang='lat' dir='ltr'><strong>ipse·</strong></span> <span class='ocrx_word' id='word_1_49' title='bbox 400 571 510 613; x_wconf 85' lang='lat' dir='ltr'><strong>dicit.</strong></span> <span class='ocrx_word' id='word_1_50' title='bbox 565 569 666 612; x_wconf 87' lang='lat' dir='ltr'><strong>Vid.</strong></span> <span class='ocrx_word' id='word_1_51' title='bbox 694 569 752 624; x_wconf 90' lang='lat' dir='ltr'><strong>V,</strong></span> <span class='ocrx_word' id='word_1_52' title='bbox 785 568 826 623; x_wconf 89' lang='lat'><strong>1,</strong></span> <span class='ocrx_word' id='word_1_53' title='bbox 858 567 911 622; x_wconf 90' lang='lat'><strong>1.,</strong></span> <span class='ocrx_word' id='word_1_54' title='bbox 941 568 977 621; x_wconf 89' lang='grc' dir='ltr'><strong>Ι,</strong></span> <span class='ocrx_word' id='word_1_55' title='bbox 1010 566 1078 621; x_wconf 90' lang='grc'><strong>11,</strong></span> <span class='ocrx_word' id='word_1_56' title='bbox 1110 565 1163 620; x_wconf 91' lang='grc'><strong>1.,</strong></span> <span class='ocrx_word' id='word_1_57' title='bbox 1193 565 1268 619; x_wconf 89' lang='lat'><strong>111,</strong></span> <span class='ocrx_word' id='word_1_58' title='bbox 1300 564 1338 605; x_wconf 91' lang='lat'><strong>1.</strong></span> 
     </span>
    </p>

    <p class='ocr_par' dir='ltr' id='par_1_5' title="bbox 107 631 1616 772">
     <span class='ocr_line' id='line_1_9' title="bbox 214 631 1616 697; baseline -0.008 -11"><span class='ocrx_word' id='word_1_59' title='bbox 214 646 341 686; x_wconf 80' lang='lat' dir='ltr'><strong>Liber</strong></span> <span class='ocrx_word' id='word_1_60' title='bbox 366 644 524 697; x_wconf 89' lang='lat' dir='ltr'><strong>primus</strong></span> <span class='ocrx_word' id='word_1_61' title='bbox 552 642 737 695; x_wconf 89' lang='lat' dir='ltr'><strong>scriptus</strong></span> <span class='ocrx_word' id='word_1_62' title='bbox 766 645 835 680; x_wconf 89' lang='lat' dir='ltr'><strong>est</strong></span> <span class='ocrx_word' id='word_1_63' title='bbox 862 639 905 679; x_wconf 93' lang='lat' dir='ltr'><strong>in</strong></span> <span class='ocrx_word' id='word_1_64' title='bbox 932 639 1025 693; x_wconf 92' lang='lat' dir='ltr'><strong>ipso</strong></span> <span class='ocrx_word' id='word_1_65' title='bbox 1054 638 1098 678; x_wconf 92' lang='lat' dir='ltr'><strong>in</strong></span> <span class='ocrx_word' id='word_1_66' title='bbox 1126 631 1319 677; x_wconf 76' lang='lat' dir='ltr'><strong>exsilium</strong></span> <span class='ocrx_word' id='word_1_67' title='bbox 1353 635 1529 685; x_wconf 85' lang='lat' dir='ltr'><strong>itinere,</strong></span> <span class='ocrx_word' id='word_1_68' title='bbox 1571 633 1616 675; x_wconf 89' lang='lat' dir='ltr'><strong>id</strong></span> 
     </span>
     <span class='ocr_line' id='line_1_10' title="bbox 107 707 1614 772; baseline -0.007 -15"><span class='ocrx_word' id='word_1_69' title='bbox 107 716 218 772; x_wconf 92' lang='lat' dir='ltr'><strong>quod</strong></span> <span class='ocrx_word' id='word_1_70' title='bbox 231 728 314 756; x_wconf 91' lang='lat' dir='ltr'><strong>non</strong></span> <span class='ocrx_word' id='word_1_71' title='bbox 328 714 508 756; x_wconf 82' lang='lat' dir='ltr'><strong>obscure</strong></span> <span class='ocrx_word' id='word_1_72' title='bbox 530 715 624 767; x_wconf 92' lang='lat' dir='ltr'><strong>ipse</strong></span> <span class='ocrx_word' id='word_1_73' title='bbox 648 711 923 766; x_wconf 84' lang='lat' dir='ltr'><strong>significavit.</strong></span> <span class='ocrx_word' id='word_1_74' title='bbox 963 710 1162 763; x_wconf 89' lang='lat' dir='ltr'><strong>Namque</strong></span> <span class='ocrx_word' id='word_1_75' title='bbox 1185 709 1227 750; x_wconf 93' lang='lat' dir='ltr'><strong>in</strong></span> <span class='ocrx_word' id='word_1_76' title='bbox 1246 708 1433 749; x_wconf 84' lang='lat' dir='ltr'><strong>carmine</strong></span> <span class='ocrx_word' id='word_1_77' title='bbox 1455 707 1614 760; x_wconf 88' lang='lat' dir='ltr'><strong>primo,</strong></span> 
     </span>
    </p>
   </div>
   <div class='ocr_carea' id='block_1_5' title="bbox 55 777 1618 843">
    <p class='ocr_par' dir='ltr' id='par_1_6' title="bbox 55 777 1618 843">
     <span class='ocr_line' id='line_1_11' title="bbox 55 777 1618 843; baseline -0.008 -14"><span class='ocrx_word' id='word_1_78' title='bbox 55 780 59 783; x_wconf 39' lang='lat'>⁵</span> <span class='ocrx_word' id='word_1_79' title='bbox 107 786 219 843; x_wconf 89' lang='lat' dir='ltr'><strong>quod</strong></span> <span class='ocrx_word' id='word_1_80' title='bbox 245 786 415 841; x_wconf 91' lang='lat' dir='ltr'><strong>reliquis</strong></span> <span class='ocrx_word' id='word_1_81' title='bbox 443 784 654 827; x_wconf 85' lang='lat' dir='ltr'><strong>confectis</strong></span> <span class='ocrx_word' id='word_1_82' title='bbox 682 783 884 837; x_wconf 90' lang='lat' dir='ltr'><strong>scriptum</strong></span> <span class='ocrx_word' id='word_1_83' title='bbox 913 787 957 822; x_wconf 93' lang='lat' dir='ltr'><strong>et</strong></span> <span class='ocrx_word' id='word_1_84' title='bbox 984 781 1108 836; x_wconf 83' lang='lat' dir='ltr'><strong>quasi</strong></span> <span class='ocrx_word' id='word_1_85' title='bbox 1132 792 1210 834; x_wconf 88' lang='lat' dir='ltr'><strong>pro</strong></span> <span class='ocrx_word' id='word_1_86' title='bbox 1243 779 1508 833; x_wconf 82' lang='lat' dir='ltr'><strong>praefatione</strong></span> <span class='ocrx_word' id='word_1_87' title='bbox 1536 777 1618 818; x_wconf 88' lang='lat' dir='ltr'><strong>ad-</strong></span> 
     </span>
    </p>
   </div>
   <div class='ocr_carea' id='block_1_6' title="bbox 107 852 1619 973">
    <p class='ocr_par' dir='ltr' id='par_1_7' title="bbox 107 852 1619 973">
     <span class='ocr_line' id='line_1_12' title="bbox 107 852 1619 912; baseline -0.007 -12"><span class='ocrx_word' id='word_1_88' title='bbox 107 859 237 900; x_wconf 91' lang='lat' dir='ltr'><strong>ditum</strong></span> <span class='ocrx_word' id='word_1_89' title='bbox 264 863 358 912; x_wconf 88' lang='lat' dir='ltr'><strong>est,</strong></span> <span class='ocrx_word' id='word_1_90' title='bbox 396 858 440 898; x_wconf 90' lang='lat' dir='ltr'><strong>in</strong></span> <span class='ocrx_word' id='word_1_91' title='bbox 466 855 605 897; x_wconf 91' lang='lat' dir='ltr'><strong>medio</strong></span> <span class='ocrx_word' id='word_1_92' title='bbox 632 869 684 897; x_wconf 91' lang='lat' dir='ltr'><strong>se</strong></span> <span class='ocrx_word' id='word_1_93' title='bbox 713 867 766 896; x_wconf 92' lang='lat' dir='ltr'><strong>ea</strong></span> <span class='ocrx_word' id='word_1_94' title='bbox 792 854 898 895; x_wconf 90' lang='lat' dir='ltr'><strong>mari</strong></span> <span class='ocrx_word' id='word_1_95' title='bbox 925 866 979 895; x_wconf 89' lang='lat' dir='ltr'><strong>ac</strong></span> <span class='ocrx_word' id='word_1_96' title='bbox 1006 852 1333 907; x_wconf 83' lang='lat' dir='ltr'><strong>tempestatibus</strong></span> <span class='ocrx_word' id='word_1_97' title='bbox 1362 862 1619 905; x_wconf 85' lang='lat' dir='ltr'><strong>componere</strong></span> 
     </span>
     <span class='ocr_line' id='line_1_13' title="bbox 107 930 241 973; baseline -0.022 0"><span class='ocrx_word' id='word_1_98' title='bbox 107 930 241 973; x_wconf 85' lang='lat' dir='ltr'><strong>canit:</strong></span> 
     </span>
    </p>
   </div>
   <div class='ocr_carea' id='block_1_7' title="bbox 283 1002 1254 1115">
    <p class='ocr_par' dir='ltr' id='par_1_8' title="bbox 283 1002 1254 1115">
     <span class='ocr_line' id='line_1_14' title="bbox 283 1002 1236 1054; baseline -0.004 -3"><span class='ocrx_word' id='word_1_99' title='bbox 283 1017 451 1052; x_wconf 85' lang='lat' dir='ltr'><strong>Carmina</strong></span> <span class='ocrx_word' id='word_1_100' title='bbox 471 1023 654 1049; x_wconf 64' lang='lat' dir='ltr'><strong>secessum</strong></span> <span class='ocrx_word' id='word_1_101' title='bbox 674 1002 865 1048; x_wconf 75' lang='lat' dir='ltr'><strong>scribentis</strong></span> <span class='ocrx_word' id='word_1_102' title='bbox 888 1015 926 1046; x_wconf 85' lang='lat' dir='ltr'><strong>et</strong></span> <span class='ocrx_word' id='word_1_103' title='bbox 948 1013 1023 1046; x_wconf 82' lang='lat' dir='ltr'><strong>otia</strong></span> <span class='ocrx_word' id='word_1_104' title='bbox 1044 1015 1236 1054; x_wconf 82' lang='lat' dir='ltr'><strong>quaerunt,</strong></span> 
     </span>
     <span class='ocr_line' id='line_1_15' title="bbox 325 1067 1254 1115; baseline -0.005 -10"><span class='ocrx_word' id='word_1_105' title='bbox 325 1074 388 1106; x_wconf 74' lang='lat' dir='ltr'><strong>Me</strong></span> <span class='ocrx_word' id='word_1_106' title='bbox 409 1079 526 1115; x_wconf 84' lang='lat' dir='ltr'><strong>mare,</strong></span> <span class='ocrx_word' id='word_1_107' title='bbox 546 1078 603 1104; x_wconf 82' lang='lat' dir='ltr'><strong>me</strong></span> <span class='ocrx_word' id='word_1_108' title='bbox 624 1069 741 1112; x_wconf 75' lang='lat' dir='ltr'><strong>venti,</strong></span> <span class='ocrx_word' id='word_1_109' title='bbox 761 1077 819 1102; x_wconf 87' lang='lat' dir='ltr'><strong>me</strong></span> <span class='ocrx_word' id='word_1_110' title='bbox 841 1070 923 1102; x_wconf 77' lang='lat' dir='ltr'><strong>fera</strong></span> <span class='ocrx_word' id='word_1_111' title='bbox 943 1068 1057 1101; x_wconf 77' lang='lat' dir='ltr'><strong>iactat</strong></span> <span class='ocrx_word' id='word_1_112' title='bbox 1078 1067 1190 1100; x_wconf 82' lang='lat' dir='ltr'><strong>hiems</strong></span> <span class='ocrx_word' id='word_1_113' title='bbox 1210 1082 1254 1090; x_wconf 88' lang='lat'>-</span> 
     </span>
    </p>
   </div>
   <div class='ocr_carea' id='block_1_8' title="bbox 105 1141 1664 1557">
    <p class='ocr_par' dir='ltr' id='par_1_9' title="bbox 105 1141 1664 1557">
     <span class='ocr_line' id='line_1_16' title="bbox 107 1141 1620 1203; baseline -0.005 -13"><span class='ocrx_word' id='word_1_114' title='bbox 107 1147 310 1201; x_wconf 83' lang='lat' dir='ltr'><strong>(Scilicet</strong></span> <span class='ocrx_word' id='word_1_115' title='bbox 337 1146 539 1203; x_wconf 81' lang='lat' dir='ltr'><strong>Ovidius,</strong></span> <span class='ocrx_word' id='word_1_116' title='bbox 576 1150 803 1200; x_wconf 88' lang='lat' dir='ltr'><strong>postquam</strong></span> <span class='ocrx_word' id='word_1_117' title='bbox 838 1144 893 1186; x_wconf 88' lang='lat' dir='ltr'><strong>ab</strong></span> <span class='ocrx_word' id='word_1_118' title='bbox 929 1144 1052 1186; x_wconf 87' lang='lat' dir='ltr'><strong>Italia</strong></span> <span class='ocrx_word' id='word_1_119' title='bbox 1078 1157 1156 1198; x_wconf 88' lang='lat' dir='ltr'><strong>per</strong></span> <span class='ocrx_word' id='word_1_120' title='bbox 1182 1156 1300 1186; x_wconf 89' lang='lat' dir='ltr'><strong>mare</strong></span> <span class='ocrx_word' id='word_1_121' title='bbox 1326 1141 1620 1184; x_wconf 83' lang='lat' dir='ltr'><strong>Hadriaticum</strong></span> 
     </span>
     <span class='ocr_line' id='line_1_17' title="bbox 106 1215 1621 1274; baseline -0.003 -14"><span class='ocrx_word' id='word_1_122' title='bbox 106 1220 150 1260; x_wconf 90' lang='lat' dir='ltr'><strong>in</strong></span> <span class='ocrx_word' id='word_1_123' title='bbox 196 1218 424 1260; x_wconf 75' lang='lat' dir='ltr'><strong>Graeclam</strong></span> <span class='ocrx_word' id='word_1_124' title='bbox 465 1218 661 1259; x_wconf 84' lang='lat' dir='ltr'><strong>venisset</strong></span> <span class='ocrx_word' id='word_1_125' title='bbox 677 1248 694 1274; x_wconf 92' lang='lat'><strong>,</strong></span> <span class='ocrx_word' id='word_1_126' title='bbox 758 1217 907 1258; x_wconf 89' lang='lat' dir='ltr'><strong>relicta</strong></span> <span class='ocrx_word' id='word_1_127' title='bbox 958 1216 1030 1256; x_wconf 90' lang='lat' dir='ltr'><strong>illa</strong></span> <span class='ocrx_word' id='word_1_128' title='bbox 1077 1217 1179 1257; x_wconf 85' lang='lat' dir='ltr'><strong>navi</strong></span> <span class='ocrx_word' id='word_1_129' title='bbox 1233 1228 1363 1270; x_wconf 90' lang='lat' dir='ltr'><strong>super</strong></span> <span class='ocrx_word' id='word_1_130' title='bbox 1416 1215 1621 1256; x_wconf 86' lang='lat' dir='ltr'><strong>Isthmum</strong></span> 
     </span>
     <span class='ocr_line' id='line_1_18' title="bbox 107 1283 1619 1344; baseline -0.003 -13"><span class='ocrx_word' id='word_1_131' title='bbox 107 1291 354 1332; x_wconf 86' lang='lat' dir='ltr'><strong>Cenchreas</strong></span> <span class='ocrx_word' id='word_1_132' title='bbox 368 1319 384 1344; x_wconf 93' lang='lat'><strong>,</strong></span> <span class='ocrx_word' id='word_1_133' title='bbox 428 1290 604 1331; x_wconf 87' lang='lat' dir='ltr'><strong>alterum</strong></span> <span class='ocrx_word' id='word_1_134' title='bbox 626 1289 837 1331; x_wconf 48' lang='lat' dir='ltr'><strong>‘Corinthi</strong></span> <span class='ocrx_word' id='word_1_135' title='bbox 876 1294 1041 1342; x_wconf 89' lang='lat' dir='ltr'><strong>portum</strong></span> <span class='ocrx_word' id='word_1_136' title='bbox 1079 1286 1135 1328; x_wconf 90' lang='lat' dir='ltr'><strong>ad</strong></span> <span class='ocrx_word' id='word_1_137' title='bbox 1170 1287 1308 1328; x_wconf 87' lang='lat' dir='ltr'><strong>sinum</strong></span> <span class='ocrx_word' id='word_1_138' title='bbox 1351 1283 1619 1340; x_wconf 84' lang='lat' dir='ltr'><strong>Saronicum,</strong></span> 
     </span>
     <span class='ocr_line' id='line_1_19' title="bbox 106 1354 1664 1416; baseline -0.003 -14"><span class='ocrx_word' id='word_1_139' title='bbox 106 1362 227 1416; x_wconf 90' lang='lat' dir='ltr'><strong>petiit</strong></span> <span class='ocrx_word' id='word_1_140' title='bbox 254 1362 513 1415; x_wconf 83' lang='lat' dir='ltr'><strong>alteramque</strong></span> <span class='ocrx_word' id='word_1_141' title='bbox 547 1361 606 1402; x_wconf 90' lang='lat' dir='ltr'><strong>ibi</strong></span> <span class='ocrx_word' id='word_1_142' title='bbox 642 1362 784 1402; x_wconf 88' lang='lat' dir='ltr'><strong>navim</strong></span> <span class='ocrx_word' id='word_1_143' title='bbox 812 1359 1090 1414; x_wconf 87' lang='lat' dir='ltr'><strong>conscendit,</strong></span> <span class='ocrx_word' id='word_1_144' title='bbox 1120 1360 1210 1414; x_wconf 81' lang='lat' dir='ltr'><strong>qua&#39;</strong></span> <span class='ocrx_word' id='word_1_145' title='bbox 1235 1371 1314 1412; x_wconf 91' lang='lat' dir='ltr'><strong>per</strong></span> <span class='ocrx_word' id='word_1_146' title='bbox 1340 1358 1497 1398; x_wconf 89' lang='lat' dir='ltr'><strong>multas</strong></span> <span class='ocrx_word' id='word_1_147' title='bbox 1525 1370 1620 1398; x_wconf 88' lang='lat' dir='ltr'><strong>am-</strong></span> <span class='ocrx_word' id='word_1_148' title='bbox 1660 1354 1664 1355; x_wconf 46' lang='lat'><em>⁷</em></span> 
     </span>
     <span class='ocr_line' id='line_1_20' title="bbox 106 1430 1623 1487; baseline -0.003 -13"><span class='ocrx_word' id='word_1_149' title='bbox 106 1434 245 1487; x_wconf 84' lang='lat' dir='ltr'><strong>bages</strong></span> <span class='ocrx_word' id='word_1_150' title='bbox 281 1432 326 1473; x_wconf 92' lang='lat' dir='ltr'><strong>in</strong></span> <span class='ocrx_word' id='word_1_151' title='bbox 359 1432 696 1474; x_wconf 89' lang='lat' dir='ltr'><strong>Samothraciam</strong></span> <span class='ocrx_word' id='word_1_152' title='bbox 724 1432 890 1473; x_wconf 91' lang='lat' dir='ltr'><strong>delatus</strong></span> <span class='ocrx_word' id='word_1_153' title='bbox 927 1438 1021 1487; x_wconf 84' lang='lat' dir='ltr'><strong>est,</strong></span> <span class='ocrx_word' id='word_1_154' title='bbox 1052 1432 1206 1485; x_wconf 52' lang='lat' dir='ltr'><strong>*ibique</strong></span> <span class='ocrx_word' id='word_1_155' title='bbox 1234 1430 1359 1479; x_wconf 81' lang='lat' dir='ltr'><strong>tertia</strong></span> <span class='ocrx_word' id='word_1_156' title='bbox 1385 1430 1487 1470; x_wconf 88' lang='lat' dir='ltr'><strong>navi</strong></span> <span class='ocrx_word' id='word_1_157' title='bbox 1515 1442 1623 1471; x_wconf 87' lang='lat' dir='ltr'><strong>con-</strong></span> 
     </span>
     <span class='ocr_line' id='line_1_21' title="bbox 105 1493 1621 1557; baseline -0.003 -11"><span class='ocrx_word' id='word_1_158' title='bbox 105 1516 266 1546; x_wconf 85' lang='lat' dir='ltr'><strong>scensa</strong></span> <span class='ocrx_word' id='word_1_159' title='bbox 290 1504 336 1544; x_wconf 91' lang='lat' dir='ltr'><strong>in</strong></span> <span class='ocrx_word' id='word_1_160' title='bbox 361 1503 583 1545; x_wconf 84' lang='lat' dir='ltr'><strong>Thraciam</strong></span> <span class='ocrx_word' id='word_1_161' title='bbox 611 1504 777 1545; x_wconf 85' lang='lat' dir='ltr'><strong>traiecit</strong></span> <span class='ocrx_word' id='word_1_162' title='bbox 803 1509 849 1544; x_wconf 87' lang='lat' dir='ltr'><strong>et</strong></span> <span class='ocrx_word' id='word_1_163' title='bbox 871 1493 1078 1557; x_wconf 73' lang='lat' dir='ltr'><strong>¹reliquum</strong></span> <span class='ocrx_word' id='word_1_164' title='bbox 1106 1503 1184 1543; x_wconf 88' lang='lat' dir='ltr'><strong>iter</strong></span> <span class='ocrx_word' id='word_1_165' title='bbox 1201 1502 1358 1542; x_wconf 82' lang='lat' dir='ltr'><strong>Tomos</strong></span> <span class='ocrx_word' id='word_1_166' title='bbox 1386 1514 1464 1554; x_wconf 90' lang='lat' dir='ltr'><strong>per</strong></span> <span class='ocrx_word' id='word_1_167' title='bbox 1482 1501 1621 1542; x_wconf 81' lang='lat' dir='ltr'><strong>Thra-</strong></span> 
     </span>
    </p>
   </div>
   <div class='ocr_carea' id='block_1_9' title="bbox 20 1571 1687 1772">
    <p class='ocr_par' dir='ltr' id='par_1_10' title="bbox 20 1571 1687 1772">
     <span class='ocr_line' id='line_1_22' title="bbox 20 1571 1687 1645; baseline -0.004 -28"><span class='ocrx_word' id='word_1_168' title='bbox 20 1635 21 1645; x_wconf 19' lang='lat'><em>*</em></span> <span class='ocrx_word' id='word_1_169' title='bbox 108 1575 218 1617; x_wconf 88' lang='lat' dir='ltr'><strong>ciam</strong></span> <span class='ocrx_word' id='word_1_170' title='bbox 244 1580 358 1615; x_wconf 86' lang='lat' dir='ltr'><strong>terra</strong></span> <span class='ocrx_word' id='word_1_171' title='bbox 384 1575 613 1628; x_wconf 83' lang='lat' dir='ltr'><strong>perfecit.)</strong></span> <span class='ocrx_word' id='word_1_172' title='bbox 684 1574 947 1616; x_wconf 87' lang='lat' dir='ltr'><strong>Confirmant</strong></span> <span class='ocrx_word' id='word_1_173' title='bbox 981 1574 1080 1615; x_wconf 89' lang='lat' dir='ltr'><strong>illud</strong></span> <span class='ocrx_word' id='word_1_174' title='bbox 1117 1573 1199 1614; x_wconf 91' lang='lat' dir='ltr'><strong>alia</strong></span> <span class='ocrx_word' id='word_1_175' title='bbox 1237 1573 1363 1613; x_wconf 88' lang='lat' dir='ltr'><strong>huius</strong></span> <span class='ocrx_word' id='word_1_176' title='bbox 1400 1571 1493 1617; x_wconf 87' lang='lat' dir='ltr'><strong>libri</strong></span> <span class='ocrx_word' id='word_1_177' title='bbox 1521 1584 1622 1612; x_wconf 90' lang='lat' dir='ltr'><strong>car-</strong></span> <span class='ocrx_word' id='word_1_178' title='bbox 1684 1586 1687 1589; x_wconf 96' lang='lat'>·</span> 
     </span>
     <span class='ocr_line' id='line_1_23' title="bbox 42 1642 1622 1699; baseline -0.003 -12"><span class='ocrx_word' id='word_1_179' title='bbox 42 1672 47 1678; x_wconf 93' lang='lat'><em>·</em></span> <span class='ocrx_word' id='word_1_180' title='bbox 107 1647 232 1687; x_wconf 89' lang='lat' dir='ltr'><strong>mina.</strong></span> <span class='ocrx_word' id='word_1_181' title='bbox 289 1645 472 1687; x_wconf 88' lang='lat' dir='ltr'><strong>Carmen</strong></span> <span class='ocrx_word' id='word_1_182' title='bbox 502 1646 709 1688; x_wconf 90' lang='lat' dir='ltr'><strong>decimum</strong></span> <span class='ocrx_word' id='word_1_183' title='bbox 737 1646 939 1699; x_wconf 88' lang='lat' dir='ltr'><strong>scriptum</strong></span> <span class='ocrx_word' id='word_1_184' title='bbox 968 1650 1037 1685; x_wconf 93' lang='lat' dir='ltr'><strong>est</strong></span> <span class='ocrx_word' id='word_1_185' title='bbox 1070 1645 1112 1684; x_wconf 90' lang='lat' dir='ltr'><strong>in</strong></span> <span class='ocrx_word' id='word_1_186' title='bbox 1147 1645 1284 1684; x_wconf 89' lang='lat' dir='ltr'><strong>insula</strong></span> <span class='ocrx_word' id='word_1_187' title='bbox 1313 1642 1622 1684; x_wconf 86' lang='lat' dir='ltr'><strong>Samothracia.</strong></span> 
     </span>
     <span class='ocr_line' id='line_1_24' title="bbox 40 1714 1622 1772; baseline -0.004 -13"><span class='ocrx_word' id='word_1_188' title='bbox 40 1715 42 1717; x_wconf 67' lang='grc'><strong>’</strong></span> <span class='ocrx_word' id='word_1_189' title='bbox 108 1717 194 1760; x_wconf 91' lang='lat' dir='ltr'><strong>Vid</strong></span> <span class='ocrx_word' id='word_1_190' title='bbox 221 1718 265 1772; x_wconf 92' lang='lat'><strong>1,</strong></span> <span class='ocrx_word' id='word_1_191' title='bbox 305 1717 382 1771; x_wconf 84' lang='lat'><strong>1⁰,</strong></span> <span class='ocrx_word' id='word_1_192' title='bbox 417 1718 485 1758; x_wconf 78' lang='lat'><strong>21.</strong></span> <span class='ocrx_word' id='word_1_193' title='bbox 513 1730 631 1771; x_wconf 90' lang='lat' dir='ltr'><strong>seqq.</strong></span> <span class='ocrx_word' id='word_1_194' title='bbox 707 1715 950 1757; x_wconf 88' lang='lat' dir='ltr'><strong>Secundum</strong></span> <span class='ocrx_word' id='word_1_195' title='bbox 987 1722 1033 1756; x_wconf 91' lang='lat' dir='ltr'><strong>et</strong></span> <span class='ocrx_word' id='word_1_196' title='bbox 1068 1721 1261 1770; x_wconf 88' lang='lat' dir='ltr'><strong>quartum</strong></span> <span class='ocrx_word' id='word_1_197' title='bbox 1290 1715 1333 1754; x_wconf 90' lang='lat' dir='ltr'><strong>in</strong></span> <span class='ocrx_word' id='word_1_198' title='bbox 1360 1714 1465 1755; x_wconf 89' lang='lat' dir='ltr'><strong>mari</strong></span> <span class='ocrx_word' id='word_1_199' title='bbox 1492 1714 1622 1754; x_wconf 91' lang='lat' dir='ltr'><strong>Ionio.</strong></span> 
     </span>
    </p>
   </div>
   <div class='ocr_carea' id='block_1_10' title="bbox 107 1785 1623 2620">
    <p class='ocr_par' dir='ltr' id='par_1_11' title="bbox 107 1785 1623 2620">
     <span class='ocr_line' id='line_1_25' title="bbox 108 1785 1622 1842; baseline -0.002 -13"><span class='ocrx_word' id='word_1_200' title='bbox 108 1790 159 1829; x_wconf 84' lang='lat' dir='ltr'><strong>In</strong></span> <span class='ocrx_word' id='word_1_201' title='bbox 183 1787 406 1829; x_wconf 89' lang='lat' dir='ltr'><strong>undecimo</strong></span> <span class='ocrx_word' id='word_1_202' title='bbox 435 1794 480 1829; x_wconf 92' lang='lat' dir='ltr'><strong>et</strong></span> <span class='ocrx_word' id='word_1_203' title='bbox 506 1800 727 1842; x_wconf 88' lang='lat' dir='ltr'><strong>supremo,</strong></span> <span class='ocrx_word' id='word_1_204' title='bbox 772 1786 883 1842; x_wconf 91' lang='lat' dir='ltr'><strong>quod</strong></span> <span class='ocrx_word' id='word_1_205' title='bbox 921 1787 1043 1840; x_wconf 89' lang='lat' dir='ltr'><strong>quasi</strong></span> <span class='ocrx_word' id='word_1_206' title='bbox 1067 1795 1145 1840; x_wconf 87' lang='lat' dir='ltr'><strong>pro</strong></span> <span class='ocrx_word' id='word_1_207' title='bbox 1172 1786 1344 1840; x_wconf 81' lang='lat' dir='ltr'><strong>epilogo</strong></span> <span class='ocrx_word' id='word_1_208' title='bbox 1374 1787 1505 1827; x_wconf 88' lang='lat' dir='ltr'><strong>totius</strong></span> <span class='ocrx_word' id='word_1_209' title='bbox 1531 1785 1622 1826; x_wconf 90' lang='lat' dir='ltr'><strong>libri</strong></span> 
     </span>
     <span class='ocr_line' id='line_1_26' title="bbox 110 1857 1623 1914; baseline -0.001 -15"><span class='ocrx_word' id='word_1_210' title='bbox 110 1865 207 1914; x_wconf 87' lang='lat' dir='ltr'><strong>est,</strong></span> <span class='ocrx_word' id='word_1_211' title='bbox 245 1871 452 1913; x_wconf 87' lang='lat' dir='ltr'><strong>expresse</strong></span> <span class='ocrx_word' id='word_1_212' title='bbox 481 1858 611 1913; x_wconf 93' lang='lat' dir='ltr'><strong>dicit,</strong></span> <span class='ocrx_word' id='word_1_213' title='bbox 654 1872 706 1900; x_wconf 90' lang='lat' dir='ltr'><strong>se</strong></span> <span class='ocrx_word' id='word_1_214' title='bbox 733 1864 778 1899; x_wconf 90' lang='lat' dir='ltr'><strong>et</strong></span> <span class='ocrx_word' id='word_1_215' title='bbox 803 1859 942 1911; x_wconf 84' lang='lat' dir='ltr'><strong>ipsum</strong></span> <span class='ocrx_word' id='word_1_216' title='bbox 965 1857 1052 1899; x_wconf 84' lang='lat' dir='ltr'><strong>hoc</strong></span> <span class='ocrx_word' id='word_1_217' title='bbox 1079 1858 1251 1899; x_wconf 88' lang='lat' dir='ltr'><strong>carmen</strong></span> <span class='ocrx_word' id='word_1_218' title='bbox 1279 1857 1547 1900; x_wconf 88' lang='lat' dir='ltr'><strong>undecimum</strong></span> <span class='ocrx_word' id='word_1_219' title='bbox 1576 1862 1623 1898; x_wconf 89' lang='lat' dir='ltr'><strong>et</strong></span> 
     </span>
     <span class='ocr_line' id='line_1_27' title="bbox 107 1929 1266 1985; baseline -0.001 -14"><span class='ocrx_word' id='word_1_220' title='bbox 107 1931 271 1985; x_wconf 85' lang='lat' dir='ltr'><strong>reliqua</strong></span> <span class='ocrx_word' id='word_1_221' title='bbox 295 1930 421 1976; x_wconf 85' lang='lat' dir='ltr'><strong>huius</strong></span> <span class='ocrx_word' id='word_1_222' title='bbox 447 1931 538 1972; x_wconf 90' lang='lat' dir='ltr'><strong>libri</strong></span> <span class='ocrx_word' id='word_1_223' title='bbox 565 1930 704 1971; x_wconf 91' lang='lat' dir='ltr'><strong>omnia</strong></span> <span class='ocrx_word' id='word_1_224' title='bbox 729 1930 774 1970; x_wconf 91' lang='lat' dir='ltr'><strong>in</strong></span> <span class='ocrx_word' id='word_1_225' title='bbox 799 1930 905 1970; x_wconf 88' lang='lat' dir='ltr'><strong>mari</strong></span> <span class='ocrx_word' id='word_1_226' title='bbox 932 1929 1266 1983; x_wconf 83' lang='lat' dir='ltr'><strong>conscripsisse:</strong></span> 
     </span>
     <span class='ocr_line' id='line_1_28' title="bbox 283 1997 1621 2060; baseline -0.004 -7"><span class='ocrx_word' id='word_1_227' title='bbox 283 2021 358 2052; x_wconf 78' lang='lat' dir='ltr'><strong>Aut</strong></span> <span class='ocrx_word' id='word_1_228' title='bbox 378 2019 470 2053; x_wconf 86' lang='lat' dir='ltr'><strong>hanc</strong></span> <span class='ocrx_word' id='word_1_229' title='bbox 492 2017 679 2060; x_wconf 68' lang='lat' dir='ltr'><strong>(literam,</strong></span> <span class='ocrx_word' id='word_1_230' title='bbox 702 2018 738 2050; x_wconf 78' lang='grc' dir='ltr'><strong>Ιι.</strong></span> <span class='ocrx_word' id='word_1_231' title='bbox 761 2027 792 2051; x_wconf 89' lang='lat' dir='ltr'><strong>e.</strong></span> <span class='ocrx_word' id='word_1_232' title='bbox 813 2017 952 2051; x_wconf 71' lang='lat' dir='ltr'><strong>librum</strong></span> <span class='ocrx_word' id='word_1_233' title='bbox 966 2015 1168 2059; x_wconf 47' lang='lat' dir='ltr'><strong>primumn]</strong></span> <span class='ocrx_word' id='word_1_234' title='bbox 1189 2018 1311 2059; x_wconf 85' lang='lat' dir='ltr'><strong>gelido</strong></span> <span class='ocrx_word' id='word_1_235' title='bbox 1332 1997 1526 2051; x_wconf 67' lang='lat' dir='ltr'><strong>tremerem</strong></span> <span class='ocrx_word' id='word_1_236' title='bbox 1540 2023 1621 2048; x_wconf 84' lang='lat' dir='ltr'><strong>cum</strong></span> 
     </span>
     <span class='ocr_line' id='line_1_29' title="bbox 893 2072 1232 2115; baseline -0.003 -10"><span class='ocrx_word' id='word_1_237' title='bbox 893 2082 1015 2106; x_wconf 83' lang='lat' dir='ltr'><strong>mense</strong></span> <span class='ocrx_word' id='word_1_238' title='bbox 1027 2072 1232 2115; x_wconf 86' lang='lat' dir='ltr'><strong>Decembri,</strong></span> 
     </span>
     <span class='ocr_line' id='line_1_30' title="bbox 327 2129 1104 2171; baseline -0.005 -7"><span class='ocrx_word' id='word_1_239' title='bbox 327 2132 552 2164; x_wconf 74' lang='lat' dir='ltr'><strong>scribentem</strong></span> <span class='ocrx_word' id='word_1_240' title='bbox 572 2130 695 2164; x_wconf 87' lang='lat' dir='ltr'><strong>mediis</strong></span> <span class='ocrx_word' id='word_1_241' title='bbox 717 2129 854 2162; x_wconf 83' lang='lat' dir='ltr'><strong>Hadria</strong></span> <span class='ocrx_word' id='word_1_242' title='bbox 875 2129 964 2161; x_wconf 83' lang='lat' dir='ltr'><strong>vidit</strong></span> <span class='ocrx_word' id='word_1_243' title='bbox 986 2129 1104 2171; x_wconf 82' lang='lat' dir='ltr'><strong>aquis,</strong></span> 
     </span>
     <span class='ocr_line' id='line_1_31' title="bbox 284 2182 1357 2226; baseline -0.005 -7"><span class='ocrx_word' id='word_1_244' title='bbox 284 2188 357 2219; x_wconf 83' lang='lat' dir='ltr'><strong>Aut</strong></span> <span class='ocrx_word' id='word_1_245' title='bbox 379 2188 567 2226; x_wconf 83' lang='lat' dir='ltr'><strong>postquam</strong></span> <span class='ocrx_word' id='word_1_246' title='bbox 589 2186 760 2217; x_wconf 88' lang='lat' dir='ltr'><strong>bimarem</strong></span> <span class='ocrx_word' id='word_1_247' title='bbox 783 2193 891 2216; x_wconf 90' lang='lat' dir='ltr'><strong>cursu</strong></span> <span class='ocrx_word' id='word_1_248' title='bbox 913 2185 1159 2225; x_wconf 81' lang='lat' dir='ltr'><strong>superavimus</strong></span> <span class='ocrx_word' id='word_1_249' title='bbox 1181 2182 1357 2224; x_wconf 83' lang='lat' dir='ltr'><strong>Isthmon,</strong></span> 
     </span>
     <span class='ocr_line' id='line_1_32' title="bbox 316 2240 1383 2280; baseline -0.002 -7"><span class='ocrx_word' id='word_1_250' title='bbox 316 2240 524 2280; x_wconf 66' lang='lat' dir='ltr'><strong>&#39;Alteraque</strong></span> <span class='ocrx_word' id='word_1_251' title='bbox 546 2242 603 2272; x_wconf 86' lang='lat' dir='ltr'><strong>est</strong></span> <span class='ocrx_word' id='word_1_252' title='bbox 623 2243 771 2272; x_wconf 85' lang='lat' dir='ltr'><strong>nostrae</strong></span> <span class='ocrx_word' id='word_1_253' title='bbox 792 2242 908 2271; x_wconf 86' lang='lat' dir='ltr'><strong>sumta</strong></span> <span class='ocrx_word' id='word_1_254' title='bbox 931 2240 1056 2272; x_wconf 83' lang='lat' dir='ltr'><strong>carina</strong></span> <span class='ocrx_word' id='word_1_255' title='bbox 1077 2240 1186 2280; x_wconf 78' lang='lat' dir='ltr'><strong>fugae</strong></span> <span class='ocrx_word' id='word_1_256' title='bbox 1208 2255 1239 2260; x_wconf 90' lang='lat'>—</span> <span class='ocrx_word' id='word_1_257' title='bbox 1276 2255 1317 2260; x_wconf 93' lang='lat'><strong>—</strong></span> <span class='ocrx_word' id='word_1_258' title='bbox 1341 2255 1383 2262; x_wconf 90' lang='lat'>—</span> 
     </span>
     <span class='ocr_line' id='line_1_33' title="bbox 286 2294 1320 2336; baseline -0.006 -6"><span class='ocrx_word' id='word_1_259' title='bbox 286 2298 390 2330; x_wconf 79' lang='lat' dir='ltr'><strong>Nunc</strong></span> <span class='ocrx_word' id='word_1_260' title='bbox 413 2303 552 2336; x_wconf 81' lang='lat' dir='ltr'><strong>quoqne</strong></span> <span class='ocrx_word' id='word_1_261' title='bbox 575 2294 736 2326; x_wconf 86' lang='lat' dir='ltr'><strong>contenti</strong></span> <span class='ocrx_word' id='word_1_262' title='bbox 755 2294 913 2327; x_wconf 85' lang='lat' dir='ltr'><strong>stridunt</strong></span> <span class='ocrx_word' id='word_1_263' title='bbox 933 2295 1112 2335; x_wconf 79' lang='lat' dir='ltr'><strong>Aquilone</strong></span> <span class='ocrx_word' id='word_1_264' title='bbox 1133 2294 1320 2335; x_wconf 82' lang='lat' dir='ltr'><strong>rudentes,</strong></span> 
     </span>
     <span class='ocr_line' id='line_1_34' title="bbox 329 2348 1199 2397; baseline -0.002 -14"><span class='ocrx_word' id='word_1_265' title='bbox 329 2352 441 2391; x_wconf 72' lang='lat' dir='ltr'><strong>Inque</strong></span> <span class='ocrx_word' id='word_1_266' title='bbox 461 2351 604 2397; x_wconf 71' lang='lat' dir='ltr'><strong>modum</strong></span> <span class='ocrx_word' id='word_1_267' title='bbox 624 2349 750 2382; x_wconf 89' lang='lat' dir='ltr'><strong>tumuli</strong></span> <span class='ocrx_word' id='word_1_268' title='bbox 772 2357 936 2382; x_wconf 80' lang='lat' dir='ltr'><strong>concava</strong></span> <span class='ocrx_word' id='word_1_269' title='bbox 956 2348 1075 2390; x_wconf 82' lang='lat' dir='ltr'><strong>surgit</strong></span> <span class='ocrx_word' id='word_1_270' title='bbox 1094 2356 1199 2389; x_wconf 80' lang='lat' dir='ltr'><strong>aqua.</strong></span> 
     </span>
     <span class='ocr_line' id='line_1_35' title="bbox 115 2424 1620 2480; baseline -0.002 -15"><span class='ocrx_word' id='word_1_271' title='bbox 115 2424 254 2465; x_wconf 79' lang='lat' dir='ltr'><strong>Recte</strong></span> <span class='ocrx_word' id='word_1_272' title='bbox 280 2425 408 2479; x_wconf 83' lang='lat' dir='ltr'><strong>igitur</strong></span> <span class='ocrx_word' id='word_1_273' title='bbox 435 2427 658 2480; x_wconf 88' lang='lat' dir='ltr'><strong>statuitur,</strong></span> <span class='ocrx_word' id='word_1_274' title='bbox 698 2426 846 2466; x_wconf 90' lang='lat' dir='ltr'><strong>librum</strong></span> <span class='ocrx_word' id='word_1_275' title='bbox 873 2425 1049 2479; x_wconf 91' lang='lat' dir='ltr'><strong>primum</strong></span> <span class='ocrx_word' id='word_1_276' title='bbox 1075 2424 1118 2464; x_wconf 93' lang='lat' dir='ltr'><strong>in</strong></span> <span class='ocrx_word' id='word_1_277' title='bbox 1146 2424 1241 2476; x_wconf 89' lang='lat' dir='ltr'><strong>ipso</strong></span> <span class='ocrx_word' id='word_1_278' title='bbox 1268 2424 1419 2464; x_wconf 88' lang='lat' dir='ltr'><strong>itinere</strong></span> <span class='ocrx_word' id='word_1_279' title='bbox 1435 2452 1451 2477; x_wconf 95' lang='lat'><strong>,</strong></span> <span class='ocrx_word' id='word_1_280' title='bbox 1495 2428 1620 2462; x_wconf 86' lang='lat' dir='ltr'><strong>ante-</strong></span> 
     </span>
     <span class='ocr_line' id='line_1_36' title="bbox 113 2493 1622 2552; baseline -0.001 -16"><span class='ocrx_word' id='word_1_281' title='bbox 113 2509 239 2550; x_wconf 88' lang='lat' dir='ltr'><strong>quam</strong></span> <span class='ocrx_word' id='word_1_282' title='bbox 266 2497 310 2536; x_wconf 86' lang='lat' dir='ltr'><strong>in</strong></span> <span class='ocrx_word' id='word_1_283' title='bbox 336 2496 558 2538; x_wconf 82' lang='lat' dir='ltr'><strong>Thraciam</strong></span> <span class='ocrx_word' id='word_1_284' title='bbox 598 2498 891 2552; x_wconf 90' lang='lat' dir='ltr'><strong>pervenisset,</strong></span> <span class='ocrx_word' id='word_1_285' title='bbox 936 2496 1173 2536; x_wconf 90' lang='lat' dir='ltr'><strong>absolutum</strong></span> <span class='ocrx_word' id='word_1_286' title='bbox 1207 2501 1335 2549; x_wconf 88' lang='lat' dir='ltr'><strong>atque</strong></span> <span class='ocrx_word' id='word_1_287' title='bbox 1376 2506 1403 2534; x_wconf 85' lang='lat' dir='ltr'><strong>e</strong></span> <span class='ocrx_word' id='word_1_288' title='bbox 1440 2493 1622 2534; x_wconf 88' lang='lat' dir='ltr'><strong>Thracia</strong></span> 
     </span>
     <span class='ocr_line' id='line_1_37' title="bbox 113 2564 1622 2620; baseline -0.002 -13"><span class='ocrx_word' id='word_1_289' title='bbox 113 2568 258 2608; x_wconf 85' lang='lat' dir='ltr'><strong>statim</strong></span> <span class='ocrx_word' id='word_1_290' title='bbox 283 2568 370 2607; x_wconf 86' lang='lat' dir='ltr'><strong>iam</strong></span> <span class='ocrx_word' id='word_1_291' title='bbox 397 2573 495 2608; x_wconf 88' lang='lat' dir='ltr'><strong>ante</strong></span> <span class='ocrx_word' id='word_1_292' title='bbox 523 2569 616 2608; x_wconf 87' lang='lat' dir='ltr'><strong>eius</strong></span> <span class='ocrx_word' id='word_1_293' title='bbox 642 2567 872 2608; x_wconf 90' lang='lat' dir='ltr'><strong>adventum</strong></span> <span class='ocrx_word' id='word_1_294' title='bbox 899 2567 941 2607; x_wconf 94' lang='lat' dir='ltr'><strong>in</strong></span> <span class='ocrx_word' id='word_1_295' title='bbox 968 2567 1165 2620; x_wconf 90' lang='lat' dir='ltr'><strong>Pontum,</strong></span> <span class='ocrx_word' id='word_1_296' title='bbox 1199 2564 1456 2607; x_wconf 88' lang='lat' dir='ltr'><strong>destinatum</strong></span> <span class='ocrx_word' id='word_1_297' title='bbox 1485 2565 1622 2605; x_wconf 82' lang='lat' dir='ltr'><strong>exsilii</strong></span> 
     </span>
    </p>
   </div>
   <div class='ocr_carea' id='block_1_11' title="bbox 96 2638 820 2693">
    <p class='ocr_par' dir='ltr' id='par_1_12' title="bbox 96 2638 820 2693">
     <span class='ocr_line' id='line_1_38' title="bbox 96 2638 820 2693; baseline -0.001 -14"><span class='ocrx_word' id='word_1_298' title='bbox 96 2639 268 2693; x_wconf 64' lang='lat' dir='ltr'><strong>ilocum,</strong></span> <span class='ocrx_word' id='word_1_299' title='bbox 297 2638 478 2679; x_wconf 87' lang='lat' dir='ltr'><strong>Romam</strong></span> <span class='ocrx_word' id='word_1_300' title='bbox 504 2639 679 2680; x_wconf 90' lang='lat' dir='ltr'><strong>missum</strong></span> <span class='ocrx_word' id='word_1_301' title='bbox 708 2652 820 2679; x_wconf 90' lang='lat' dir='ltr'><strong>esse.</strong></span> 
     </span>
    </p>
   </div>
   <div class='ocr_carea' id='block_1_12' title="bbox 117 2708 1622 2836">
    <p class='ocr_par' dir='ltr' id='par_1_13' title="bbox 117 2708 1622 2836">
     <span class='ocr_line' id='line_1_39' title="bbox 224 2708 1622 2763; baseline -0.003 -12"><span class='ocrx_word' id='word_1_302' title='bbox 224 2711 383 2751; x_wconf 88' lang='lat' dir='ltr'><strong>Verum</strong></span> <span class='ocrx_word' id='word_1_303' title='bbox 411 2709 493 2750; x_wconf 91' lang='lat' dir='ltr'><strong>duo</strong></span> <span class='ocrx_word' id='word_1_304' title='bbox 520 2715 620 2751; x_wconf 90' lang='lat' dir='ltr'><strong>sunt</strong></span> <span class='ocrx_word' id='word_1_305' title='bbox 645 2710 688 2750; x_wconf 89' lang='lat' dir='ltr'><strong>in</strong></span> <span class='ocrx_word' id='word_1_306' title='bbox 715 2710 796 2750; x_wconf 91' lang='lat' dir='ltr'><strong>hoc</strong></span> <span class='ocrx_word' id='word_1_307' title='bbox 832 2710 935 2750; x_wconf 83' lang='lat' dir='ltr'><strong>libro</strong></span> <span class='ocrx_word' id='word_1_308' title='bbox 963 2709 1067 2763; x_wconf 85' lang='lat' dir='ltr'><strong>loci,</strong></span> <span class='ocrx_word' id='word_1_309' title='bbox 1103 2709 1172 2761; x_wconf 86' lang='lat' dir='ltr'><strong>qui</strong></span> <span class='ocrx_word' id='word_1_310' title='bbox 1202 2721 1298 2748; x_wconf 90' lang='lat' dir='ltr'><strong>cum</strong></span> <span class='ocrx_word' id='word_1_311' title='bbox 1326 2721 1379 2748; x_wconf 90' lang='lat' dir='ltr'><strong>ea</strong></span> <span class='ocrx_word' id='word_1_312' title='bbox 1407 2708 1622 2748; x_wconf 86' lang='lat' dir='ltr'><strong>sententia</strong></span> 
     </span>
     <span class='ocr_line' id='line_1_40' title="bbox 117 2779 1621 2836; baseline -0.001 -15"><span class='ocrx_word' id='word_1_313' title='bbox 117 2793 201 2821; x_wconf 89' lang='lat' dir='ltr'><strong>non</strong></span> <span class='ocrx_word' id='word_1_314' title='bbox 229 2782 335 2822; x_wconf 87' lang='lat' dir='ltr'><strong>satis</strong></span> <span class='ocrx_word' id='word_1_315' title='bbox 364 2794 598 2836; x_wconf 86' lang='lat' dir='ltr'><strong>congruere</strong></span> <span class='ocrx_word' id='word_1_316' title='bbox 625 2780 839 2835; x_wconf 81' lang='lat' dir='ltr'><strong>videntur,</strong></span> <span class='ocrx_word' id='word_1_317' title='bbox 866 2793 1038 2835; x_wconf 89' lang='lat' dir='ltr'><strong>quorum</strong></span> <span class='ocrx_word' id='word_1_318' title='bbox 1066 2781 1178 2834; x_wconf 86' lang='lat' dir='ltr'><strong>prior</strong></span> <span class='ocrx_word' id='word_1_319' title='bbox 1206 2785 1275 2821; x_wconf 90' lang='lat' dir='ltr'><strong>est</strong></span> <span class='ocrx_word' id='word_1_320' title='bbox 1300 2780 1337 2834; x_wconf 92' lang='lat' dir='ltr'><strong>I,</strong></span> <span class='ocrx_word' id='word_1_321' title='bbox 1366 2779 1409 2833; x_wconf 83' lang='lat'><strong>5,</strong></span> <span class='ocrx_word' id='word_1_322' title='bbox 1438 2779 1523 2833; x_wconf 67' lang='lat'><strong>61„</strong></span> <span class='ocrx_word' id='word_1_323' title='bbox 1552 2779 1621 2819; x_wconf 90' lang='lat' dir='ltr'><strong>ubi</strong></span> 
     </span>
    </p>
   </div>
  </div>
 </body>
</html>
