1846 3146
224 200 324 249 524

463 201 520 251 P.
557 200 782 252 ovmn
814 188 1131 254 NASONIS
1155 160 1510 254 ''rms'rmM

219 322 349 371 Nam
382 325 480 385 tua,
517 323 629 373 dum
662 325 897 384 stetimuS‚
933 327 1063 391 turpi
1089 326 1202 374 sine
1237 327 1436 374 erimine
1469 326 1657 397 mansit,

285 406 354 455 Et
385 421 578 474 semper
610 409 829 475 probitas
863 408 1206 480 irreprehensa
1237 408 1355 470 fuit3

218 489 333 550 Par,
371 489 542 539 eadem
575 496 743 540 nostra
777 507 906 541 nunc
939 495 1016 541 est
1048 491 1138 540 tibi
1170 491 1303 541 facta
1336 493 1498 541 ruina:

289 569 619 639 Conspicuam
652 576 811 624 virtus
843 575 925 625 hic
959 579 1041 623 tua
1069 562 1220 643 ponat
1253 589 1390 640 opus.

220 723 359 756 verum
397 731 472 757 non
510 724 604 758 idem
641 726 742 769 dicit,
770 728 834 760 sed
863 728 954 760 illud

215 780 352 821 persta
373 788 484 812 versu
508 780 562 813 20.
587 781 770 822 copiosius
797 783 953 824 exponi-

219 837 304 878 tur3
323 837 361 868 et
383 836 534 878 elegans
556 838 751 877 praeterea
779 840 835 870 est
855 838 953 871 scri-

218 893 329 933 ptura
349 890 496 933 persta,
520 899 590 931 qua
611 892 778 936 sumitur,
801 902 952 928 uxorem

218 947 336 979 adhuc
365 947 498 988 talem,
530 947 675 988 qualem
704 947 817 989 poeta
838 949 952 992 cupit,

218 1010 301 1035 sese
324 1002 563 1043 praestitisse.

268 1056 505 1091 Temeraria.
562 1058 646 1090 Vid.
670 1058 726 1101 V,
761 1058 819 1100 13,
852 1059 885 1091 7.
914 1060 957 1102 οε,

218 1113 316 1146 conf.
339 1114 443 1146 Pont.
468 1115 537 1156 ΙΠ,
561 1114 597 1156 1,
619 1113 674 1147 45.

261 1191 316 1223 20.
353 1189 408 1223 Et
427 1190 594 1232 pariter.
645 1191 731 1225 Vid.
761 1193 807 1224 ad
835 1194 886 1236 v,
914 1196 951 1236 ³,

220 1247 273 1280 15.
298 1247 350 1279 16.
372 1263 417 1270 ·-
441 1247 536 1280 Gall.
543 1270 558 1290 ,
588 1249 666 1280 Iun.
674 1269 689 1290 ,
711 1248 871 1291 Pirckh.,
895 1252 952 1282 111

217 1302 281 1334 alii
302 1302 427 1335 Heins.
452 1305 489 1335 et
504 1303 625 1337 Berol.
639 1298 694 1342 (ἓ)
709 1303 884 1345 tuamque
900 1302 952 1346 fi-

217 1357 311 1389 dem.
342 1373 386 1380 -—-
416 1359 513 1391 Busl.
537 1359 574 1391 te
599 1368 688 1401 par.
712 1366 828 1391 serva
847 1358 951 1392 iudi-

217 1412 532 1456 ciumquexmeum
556 1422 576 1447 e
599 1415 652 1457 V,
675 1416 711 1458 6,
735 1416 789 1449 16.

260 1491 315 1524 21.
349 1489 532 1524 Stetimus
560 1494 758 1534 respondet
787 1493 843 1525 illi
864 1492 950 1525 rui-

215 1555 290 1580 nae
312 1557 347 1580 v.
370 1548 424 1580 23.
470 1547 574 1581 Conf.
599 1550 632 1591 1,
657 1549 692 1591 9,
713 1549 765 1582 17.
787 1565 826 1571 -
843 1550 951 1583 Goth.

215 1601 387 1635 stetimus
409 1600 535 1635 virtus
556 1601 648 1636 sine.

261 1681 316 1713 22.
353 1681 405 1713 Et
425 1689 584 1722 semper.
620 1676 759 1720 Alii(‘.2)
773 1683 901 1724 legunt
914 1683 952 1715 et

185 1767 191 1776 ,
218 1737 376 1770 tantam.
399 1738 501 1770 Vett.
515 1739 594 1770 edd.
608 1739 646 1770 et
662 1738 824 1771 tandem.
847 1739 950 1771 Maff.

218 1794 256 1826 et
278 1794 398 1826 tanta.
450 1796 504 1827 Tu
534 1801 581 1826 ex
605 1803 677 1827 uno
701 1795 786 1827 Vat.
808 1795 892 1836 lege
915 1795 952 1827 et

215 1858 375 1891 semper.
428 1848 537 1882 ozor.
591 1848 643 1881 Et
670 1857 819 1892 semper
843 1851 951 1883 etiam

215 1905 294 1937 Pal.
325 1905 355 1937 1.
364 1927 378 1947 ,
410 1907 515 1938 Serv.
524 1926 539 1946 ,
571 1907 666 1937 Mor.
697 1914 766 1946 pro
795 1917 830 1938 v.
863 1915 952 1948 scr.,

217 1960 352 1992 Ber-sm.
385 1962 422 1992 et
454 1959 568 2002 alius,
614 1961 739 2001 quibus
773 1962 953 1993 accedunt

215 2016 320 2056 Re1.,
353 2015 462 2048 Crev.
491 2018 529 2048 et
558 2005 688 2048 Dresd.
727 2033 767 2038 —
797 2015 874 2047 Pol.
906 2015 952 2057 1.,

216 2070 294 2101 Pal.
317 2071 371 2111 2.,
393 2072 554 2114 Fraus„
583 2073 673 2113 Reg.
685 2093 698 2113 ,
722 2073 814 2113 Put.,
839 2072 951 2112 Gall„

216 2126 328 2167 Mon,
351 2126 511 2170 Pirckh.,
538 2129 630 2169 Iun.,
661 2127 784 2167 Goth„
816 2125 951 2166 Guelf.,

217 2182 337 2214 Berol.
369 2185 406 2214 et
437 2182 492 2213 ed.
525 2191 578 2222 pr.
610 2181 745 2214 Heinsii
769 2181 807 2212 et
829 2180 951 2212 tanta.

219 2238 310 2270 Exc.
333 2239 441 2271 Voss.
464 2240 502 2270 et
531 2239 565 2270 11
596 2238 659 2270 alii
681 2237 801 2270 HeinS.
825 2237 864 2268 et
885 2236 952 2267 tua

219 2301 329 2325 nunc.
387 2294 489 2326 Rich.
513 2296 551 2326 et
574 2290 710 2326 Bonon.
735 2293 776 2325 et
808 2292 950 2324 tantae.

221 2350 381 2390 „scribe
405 2350 443 2381 et
461 2348 628 2391 famae.“
666 2348 811 2380 Heme.
855 2349 950 2379 Bur·—

219 2414 368 2438 manuus
405 2407 498 2437 hauc
534 2404 669 2437 Heinsii
705 2404 950 2437 coniecturam

220 2463 428 2503 improbans
453 2461 611 2494 coniecit
634 2464 670 2493 et
696 2461 822 2492 edidit:

284 2536 324 2563 Et
342 2535 461 2563 laudem
479 2536 615 2570 probitas
638 2535 851 2569 irreprehensa
872 2532 951 2560 tulit.

220 2605 370 2641 laudem
400 2606 519 2637 latere
550 2605 703 2645 opinans
731 2604 766 2636 iu
791 2603 953 2643 tandem,

219 2661 405 2702 scriptura
427 2662 623 2702 primarum
646 2661 741 2702 edd„
777 2663 814 2693 et
839 2661 956 2693 citans

222 2717 325 2749 Pont.
349 2719 382 2758 1,
407 2717 442 2758 4,
466 2717 519 2749 24.

287 2779 381 2812 Quam
401 2780 555 2809 iaudema
575 2787 642 2808 sera
662 2780 841 2815 posteritate
866 2779 954 2807 ferat.

224 2839 295 2871 Sed
332 2840 370 2870 et
403 2838 468 2870 illa
501 2846 601 2871 mera
642 2838 856 2871 coniectura
889 2839 959 2869 est.-

224 2895 303 2936 Ego
330 2902 408 2927 cum
440 2895 553 2928 Iahno
585 2895 667 2927 dedi
698 2895 736 2926 et
756 2901 955 2935 semper——

755 3026 761 3048 Ι

1017 722 1113 766 fuit,
1141 723 1350 766 planissimo
1382 726 1420 757 et
1456 723 1590 766 optimo
1625 727 1752 757 sen'snz

1019 786 1120 812 nam
1152 780 1254 812 dum
1283 777 1554 822 floruimus,
1574 779 1751 821 probitas

1021 836 1090 867 tua
1139 843 1287 876 semper
1335 833 1607 877 irreprehensa
1650 834 1752 878 fuit:

1019 898 1142 922 nunc
1162 897 1334 923 mecum
1355 890 1587 932 cecidisti,
1599 892 1645 924 de
1667 892 1752 924 for-

1021 948 1131 978 tunae
1164 946 1362 986 splendore
1395 945 1536 978 deiecta
1573 954 1632 987 es;
1677 944 1752 978 hic

1019 1004 1134 1040 (nunc
1155 1002 1284 1044 igitur)
1307 1001 1436 1034 virtuti
1456 1003 1540 1034 tuae
1562 1009 1681 1034 novus
1704 1009 1750 1034 ac

1017 1057 1116 1090 latus
1145 1059 1294 1099 apertus
1323 1056 1554 1097 estrcampus
1565 1077 1581 1098 ,
1610 1054 1682 1087 hic
1704 1063 1750 1087 ea

1018 1112 1096 1144 late
1125 1110 1366 1152 conspicuum
1398 1118 1492 1151 opus
1516 1108 1595 1142 sive
1614 1117 1751 1141 mome-

1017 1166 1182 1198 mentam
1207 1166 1338 1209 ponat.
1401 1166 1548 1199 Merkel
1579 1165 1676 1198 dedit
1715 1165 1754 1197 et

1019 1221 1167 1253 tantum
1182 1230 1261 1254 cum
1275 1221 1597 1262 interpretatione:
1620 1220 1751 1253 nacte-

1019 1284 1091 1308 nus
1112 1285 1188 1308 non
1209 1275 1283 1308 nisi
1304 1274 1596 1316 reprehensione
1618 1274 1753 1308 carui-

1018 1330 1079 1363 sti.
1123 1331 1229 1364 Conf.
1252 1333 1340 1364 Met.
1361 1333 1428 1374 xl,
1442 1332 1519 1365 425.
1565 1333 1650 1366 Non
1671 1340 1751 1364 ma·-

1017 1387 1074 1429 le;
1104 1388 1168 1419 sed
1198 1387 1335 1429 nullum
1368 1377 1541 1426 nec,vidi
1569 1393 1639 1419 nec
1659 1386 1751 1419 scio

1018 1442 1181 1475 codicem
1224 1446 1288 1476 aut
1332 1444 1496 1476 veterem
1538 1441 1751 1483 editionem,

1018 1504 1110 1537 quae
1132 1505 1211 1530 eam
1234 1497 1455 1540 scripturam
1478 1499 1634 1532 tueatur.

1022 1596 1027 1604 ⁸
1060 1587 1115 1619 23.
1152 1586 1247 1629 Par,
1270 1587 1493 1621 eadem-etc.
1556 1588 1619 1621 Sic
1646 1588 1753 1630 Reg„

1018 1642 1114 1675 Gall.
1122 1665 1136 1685 ,
1167 1645 1262 1676 Mor.
1269 1665 1284 1686 ,
1315 1644 1444 1685 Serv„
1473 1645 1572 1685 Iun.,
1610 1644 1661 1675 XI
1688 1642 1752 1675 alii

1016 1698 1139 1736 Heius.
1165 1707 1246 1732 cum
1268 1701 1359 1732 vett.
1378 1696 1474 1741 edd.',
1492 1698 1615 1739 Goth„
1627 1698 1749 1732 Guelf.

1017 1763 1040 1787 a
1064 1755 1093 1788 1.
1116 1763 1184 1796 m.,
1213 1756 1320 1796 seg„
1354 1755 1496 1796 Ber-ol„
1518 1753 1600 1786 Bel.
1622 1762 1692 1794 pro
1715 1763 1751 1785 v.

1016 1818 1106 1853 scr.,
1123 1811 1268 1852 Dresd.,
1277 1809 1390 1850 Med„
1401 1810 1496 1851 Put,
1507 1808 1567 1849 qui
1591 1816 1664 1849 per
1685 1817 1752 1840 ea-
1800 1812 1802 1814 “

1018 1866 1112 1899 dem.
1156 1866 1235 1897 Put.
1257 1860 1398 1896 nostra
1420 1864 1485 1896 est.
1529 1865 1619 1897 Exc.
1642 1865 1754 1897 Voss.

1016 1928 1115 1960 pars
1139 1919 1279 1952 eadem.
1333 1918 1442 1952 Crev.
1463 1927 1542 1960 par
1571 1918 1751 1961 equidem.

1017 1976 1123 2008 Busl.·
1136 1982 1214 2016 par
1237 1982 1283 2006 ea
1302 1974 1490 2016 fortunae.
1503 1982 1604 2006 nuuc
1626 1975 1685 2007 est
1701 1973 1752 2006 ti-

1019 2029 1067 2062 bi.
1090 2047 1139 2063 -—.
1156 2032 1255 2062 Unus
1279 2030 1426 2071 Medic.,
1440 2031 1535 2062 Mor.
1549 2037 1617 2071 pro
1629 2022 1664 2062 v.
1677 2039 1751 2063 scr.

1019 2088 1056 2117 et
1080 2076 1189 2117 Crev.
1213 2082 1294 2115 sibi.
1339 2084 1480 2125 Reliqui
1495 2086 1599 2117 codd.
1615 2085 1753 2118 habere

1020 2139 1206 2171 dicuntur:

1086 2212 1144 2240 Par
1169 2220 1204 2241 ea
1231 2213 1269 2240 de
1291 2216 1398 2242 nostra
1422 2221 1482 2242 non
1513 2217 1564 2243 est
1594 2215 1650 2244 tibi
1672 2199 1754 2244 faeta

1416 2265 1515 2286 ruma.

1019 2326 1127 2359 alteri
1156 2326 1212 2359 illi
1240 2327 1422 2359 simillima
1452 2326 1655 2368 scriptura5
1678 2324 1754 2368 {nisi

1019 2383 1113 2422 quod
1141 2382 1194 2417 ¹de
1230 2383 1363 2414 habent
1393 2390 1461 2423 pro
1497 2381 1582 2413 dem
1612 2382 1650 2413 et
1677 2389 1753 2414 uon

1018 2446 1086 2478 pro
1110 2445 1221 2477 nunc,
1245 2436 1399 2470 solemni
1422 2436 1697 2478 permutatione.

1063 2494 1213 2534 „Legez
1639 2487 1645 2493 ’

1085 2567 1144 2594 Par
1169 2567 1274 2595 eadem
1297 2569 1402 2596 nostra
1427 2573 1508 2594 nunc
1527 2568 1574 2595 est
1591 2566 1650 2595 sibi
1671 2566 1753 2594 facta

1415 2611 1512 2639 ruina.

1022 2649 1099 2682 vel:

1088 2722 1146 2750 Par
1163 2721 1268 2750 eadem
1287 2725 1321 2750 ut
1337 2724 1442 2750 nostra
1466 2727 1547 2748 nunc
1563 2722 1611 2748 cst
1628 2718 1687 2747 sibi
1704 2719 1752 2747 fa-

1419 2767 1467 2793 cta
1489 2764 1585 2798 ruina.

1024 2836 1100 2868 vel:
1134 2843 1212 2876 par
1243 2843 1288 2866 ea
1315 2835 1405 2875 post
1439 2833 1762 2866 nostram—rui-‘

1022 2899 1109 2924 nam
1133 2891 1195 2923 vel
1217 2891 1306 2932 post
1323 2890 1479 2922 nostrae
1495 2889 1585 2931 fata
1596 2888 1751 2929 ruinae,-
