<?xml version="1.0" encoding="UTF-8"?>
<!DOCTYPE html PUBLIC "-//W3C//DTD XHTML 1.0 Transitional//EN"
    "http://www.w3.org/TR/xhtml1/DTD/xhtml1-transitional.dtd">
<html xmlns="http://www.w3.org/1999/xhtml" xml:lang="en" lang="en">
 <head>
  <title>
</title>
<meta http-equiv="Content-Type" content="text/html;charset=utf-8" />
  <meta name='ocr-system' content='tesseract 3.04.00' />
  <meta name='ocr-capabilities' content='ocr_page ocr_carea ocr_par ocr_line ocrx_word'/>
</head>
<body>
  <div class='ocr_page' id='page_1' title='image "./tristiumlibriqui00oviduoft_0019.png"; bbox 0 0 1846 3146; ppageno 0'>
   <div class='ocr_carea' id='block_1_1' title="bbox 672 152 1649 208">
    <p class='ocr_par' dir='ltr' id='par_1_1' title="bbox 672 152 1649 208">
     <span class='ocr_line' id='line_1_1' title="bbox 672 152 1649 208; baseline -0.011 0"><span class='ocrx_word' id='word_1_1' title='bbox 672 152 1092 208; x_wconf 76' lang='lat' dir='ltr'><strong>PRAEFATIO.</strong></span> <span class='ocrx_word' id='word_1_2' title='bbox 1552 166 1649 199; x_wconf 86' lang='lat' dir='ltr'><strong>xm</strong></span> 
     </span>
    </p>
   </div>
   <div class='ocr_carea' id='block_1_2' title="bbox 132 265 1652 593">
    <p class='ocr_par' dir='ltr' id='par_1_2' title="bbox 132 265 1652 593">
     <span class='ocr_line' id='line_1_2' title="bbox 132 265 1652 352; baseline -0.011 -17"><span class='ocrx_word' id='word_1_3' title='bbox 132 265 283 352; x_wconf 63' lang='lat' dir='ltr'><strong>saepe</strong></span> <span class='ocrx_word' id='word_1_4' title='bbox 325 284 585 332; x_wconf 81' lang='lat' dir='ltr'><strong>memorata</strong></span> <span class='ocrx_word' id='word_1_5' title='bbox 627 277 844 328; x_wconf 79' lang='lat' dir='ltr'><strong>editione</strong></span> <span class='ocrx_word' id='word_1_6' title='bbox 878 275 1232 324; x_wconf 85' lang='lat' dir='ltr'><strong>Burmanniana</strong></span> <span class='ocrx_word' id='word_1_7' title='bbox 1264 278 1315 321; x_wconf 87' lang='lat' dir='ltr'><strong>et</strong></span> <span class='ocrx_word' id='word_1_8' title='bbox 1345 273 1395 320; x_wconf 91' lang='lat' dir='ltr'><strong>in</strong></span> <span class='ocrx_word' id='word_1_9' title='bbox 1427 271 1541 331; x_wconf 85' lang='lat' dir='ltr'><strong>illo,</strong></span> <span class='ocrx_word' id='word_1_10' title='bbox 1588 271 1652 320; x_wconf 86' lang='lat' dir='ltr'><strong>de</strong></span> 
     </span>
     <span class='ocr_line' id='line_1_3' title="bbox 133 356 1650 434; baseline -0.013 -15"><span class='ocrx_word' id='word_1_11' title='bbox 133 383 230 434; x_wconf 85' lang='lat' dir='ltr'><strong>quo</strong></span> <span class='ocrx_word' id='word_1_12' title='bbox 278 365 423 417; x_wconf 86' lang='lat' dir='ltr'><strong>modo</strong></span> <span class='ocrx_word' id='word_1_13' title='bbox 457 363 587 424; x_wconf 85' lang='lat' dir='ltr'>dixi,</span> <span class='ocrx_word' id='word_1_14' title='bbox 644 364 877 428; x_wconf 79' lang='lat' dir='ltr'><strong>apparatu</strong></span> <span class='ocrx_word' id='word_1_15' title='bbox 918 374 1059 406; x_wconf 83' lang='lat' dir='ltr'><strong>manu</strong></span> <span class='ocrx_word' id='word_1_16' title='bbox 1101 358 1286 421; x_wconf 86' lang='lat' dir='ltr'><strong>scripto</strong></span> <span class='ocrx_word' id='word_1_17' title='bbox 1329 356 1650 414; x_wconf 86' lang='lat' dir='ltr'><strong>continentur,</strong></span> 
     </span>
     <span class='ocr_line' id='line_1_4' title="bbox 134 438 1652 506; baseline -0.007 -12"><span class='ocrx_word' id='word_1_18' title='bbox 134 444 307 495; x_wconf 82' lang='lat' dir='ltr'><strong>ordine</strong></span> <span class='ocrx_word' id='word_1_19' title='bbox 346 461 475 496; x_wconf 89' lang='lat' dir='ltr'><strong>nuno</strong></span> <span class='ocrx_word' id='word_1_20' title='bbox 513 445 720 495; x_wconf 88' lang='lat' dir='ltr'><strong>referam</strong></span> <span class='ocrx_word' id='word_1_21' title='bbox 766 447 817 491; x_wconf 88' lang='lat' dir='ltr'><strong>et</strong></span> <span class='ocrx_word' id='word_1_22' title='bbox 861 438 1090 506; x_wconf 88' lang='lat' dir='ltr'><strong>quicquid</strong></span> <span class='ocrx_word' id='word_1_23' title='bbox 1138 438 1202 487; x_wconf 87' lang='lat' dir='ltr'><strong>de</strong></span> <span class='ocrx_word' id='word_1_24' title='bbox 1223 453 1534 502; x_wconf 80' lang='lat' dir='ltr'><strong>=unoquoque</strong></span> <span class='ocrx_word' id='word_1_25' title='bbox 1569 444 1652 485; x_wconf 86' lang='lat' dir='ltr'><strong>aut</strong></span> 
     </span>
     <span class='ocr_line' id='line_1_5' title="bbox 133 520 1651 593; baseline -0.007 -15"><span class='ocrx_word' id='word_1_26' title='bbox 133 527 197 578; x_wconf 80' lang='lat' dir='ltr'><strong>ab</strong></span> <span class='ocrx_word' id='word_1_27' title='bbox 230 528 341 591; x_wconf 81' lang='lat' dir='ltr'><strong>aliis</strong></span> <span class='ocrx_word' id='word_1_28' title='bbox 372 527 576 578; x_wconf 88' lang='lat' dir='ltr'><strong>relatum</strong></span> <span class='ocrx_word' id='word_1_29' title='bbox 609 528 770 593; x_wconf 88' lang='lat' dir='ltr'><strong>reperi</strong></span> <span class='ocrx_word' id='word_1_30' title='bbox 805 530 887 574; x_wconf 87' lang='lat' dir='ltr'><strong>aut</strong></span> <span class='ocrx_word' id='word_1_31' title='bbox 932 524 1040 588; x_wconf 90' lang='lat' dir='ltr'><strong>ipse</strong></span> <span class='ocrx_word' id='word_1_32' title='bbox 1074 522 1368 580; x_wconf 82' lang='lat' dir='ltr'><strong>observavi,</strong></span> <span class='ocrx_word' id='word_1_33' title='bbox 1414 520 1651 569; x_wconf 83' lang='lat' dir='ltr'><strong>adiiciam.</strong></span> 
     </span>
    </p>
   </div>
   <div class='ocr_carea' id='block_1_3' title="bbox 46 602 1653 672">
    <p class='ocr_par' dir='ltr' id='par_1_3' title="bbox 46 602 1653 672">
     <span class='ocr_line' id='line_1_6' title="bbox 46 602 1653 672; baseline -0.007 -11"><span class='ocrx_word' id='word_1_34' title='bbox 46 656 54 670; x_wconf 88' lang='grc'><em>,</em></span> <span class='ocrx_word' id='word_1_35' title='bbox 135 610 344 660; x_wconf 85' lang='lat' dir='ltr'><strong>Primum</strong></span> <span class='ocrx_word' id='word_1_36' title='bbox 375 616 488 659; x_wconf 89' lang='lat' dir='ltr'><strong>sunt</strong></span> <span class='ocrx_word' id='word_1_37' title='bbox 531 609 730 659; x_wconf 87' lang='lat' dir='ltr'><strong>codices</strong></span> <span class='ocrx_word' id='word_1_38' title='bbox 774 623 971 672; x_wconf 91' lang='lat' dir='ltr'><strong>quorum</strong></span> <span class='ocrx_word' id='word_1_39' title='bbox 1016 607 1184 672; x_wconf 88' lang='lat' dir='ltr'><strong>copias</strong></span> <span class='ocrx_word' id='word_1_40' title='bbox 1226 619 1255 652; x_wconf 94' lang='lat' dir='ltr'><strong>e</strong></span> <span class='ocrx_word' id='word_1_41' title='bbox 1297 605 1509 669; x_wconf 88' lang='lat' dir='ltr'>priorum</span> <span class='ocrx_word' id='word_1_42' title='bbox 1542 602 1653 651; x_wconf 89' lang='lat' dir='ltr'><strong>edi-</strong></span> 
     </span>
    </p>
   </div>
   <div class='ocr_carea' id='block_1_4' title="bbox 134 688 1654 752">
    <p class='ocr_par' dir='ltr' id='par_1_4' title="bbox 134 688 1654 752">
     <span class='ocr_line' id='line_1_7' title="bbox 134 688 1654 752; baseline -0.006 -9"><span class='ocrx_word' id='word_1_43' title='bbox 134 698 291 742; x_wconf 80' lang='lat' dir='ltr'><strong>torum</strong></span> <span class='ocrx_word' id='word_1_44' title='bbox 323 694 672 743; x_wconf 83' lang='lat' dir='ltr'><strong>commentariis</strong></span> <span class='ocrx_word' id='word_1_45' title='bbox 710 688 942 739; x_wconf 86' lang='lat' dir='ltr'>Heinsius</span> <span class='ocrx_word' id='word_1_46' title='bbox 977 704 1036 737; x_wconf 86' lang='lat' dir='ltr'><strong>ac</strong></span> <span class='ocrx_word' id='word_1_47' title='bbox 1069 689 1368 736; x_wconf 82' lang='lat' dir='ltr'><strong>Burmannus</strong></span> <span class='ocrx_word' id='word_1_48' title='bbox 1401 700 1654 752; x_wconf 87' lang='lat' dir='ltr'><strong>prompse-</strong></span> 
     </span>
    </p>
   </div>
   <div class='ocr_carea' id='block_1_5' title="bbox 0 769 1655 840">
    <p class='ocr_par' dir='ltr' id='par_1_5' title="bbox 0 769 1655 840">
     <span class='ocr_line' id='line_1_8' title="bbox 0 769 1655 840; baseline -0.006 -14"><span class='ocrx_word' id='word_1_49' title='bbox 0 794 3 805; x_wconf 71' lang='grc'>’</span> <span class='ocrx_word' id='word_1_50' title='bbox 53 783 58 787; x_wconf 86' lang='grc'><strong>’</strong></span> <span class='ocrx_word' id='word_1_51' title='bbox 106 829 109 834; x_wconf 22' lang='lat' dir='ltr'>f</span> <span class='ocrx_word' id='word_1_52' title='bbox 137 777 525 840; x_wconf 55' lang='lat' dir='ltr'><strong>runtfqui-sunt</strong></span> <span class='ocrx_word' id='word_1_53' title='bbox 557 790 648 823; x_wconf 90' lang='lat' dir='ltr'><strong>sex</strong></span> <span class='ocrx_word' id='word_1_54' title='bbox 680 772 912 822; x_wconf 85' lang='lat' dir='ltr'><strong>Herculis</strong></span> <span class='ocrx_word' id='word_1_55' title='bbox 949 769 1163 830; x_wconf 86' lang='lat' dir='ltr'><strong>Ciofani‚</strong></span> <span class='ocrx_word' id='word_1_56' title='bbox 1199 769 1402 818; x_wconf 79' lang='lat' dir='ltr'><strong>editoris</strong></span> <span class='ocrx_word' id='word_1_57' title='bbox 1436 769 1655 817; x_wconf 82' lang='lat' dir='ltr'><strong>Nasonis</strong></span> 
     </span>
    </p>
   </div>
   <div class='ocr_carea' id='block_1_6' title="bbox 136 852 1658 1083">
    <p class='ocr_par' dir='ltr' id='par_1_6' title="bbox 136 852 1658 1083">
     <span class='ocr_line' id='line_1_9' title="bbox 137 852 1654 924; baseline -0.005 -16"><span class='ocrx_word' id='word_1_58' title='bbox 137 856 335 924; x_wconf 74' lang='lat' dir='ltr'><strong>operum</strong></span> <span class='ocrx_word' id='word_1_59' title='bbox 363 856 724 908; x_wconf 85' lang='lat' dir='ltr'><strong>Sulmonensis:</strong></span> <span class='ocrx_word' id='word_1_60' title='bbox 760 855 819 916; x_wconf 83' lang='lat'><strong>1]</strong></span> <span class='ocrx_word' id='word_1_61' title='bbox 839 855 1009 903; x_wconf 89' lang='lat' dir='ltr'><strong>Maffei</strong></span> <span class='ocrx_word' id='word_1_62' title='bbox 1027 856 1136 902; x_wconf 88' lang='lat' dir='ltr'><strong>sive</strong></span> <span class='ocrx_word' id='word_1_63' title='bbox 1154 853 1460 910; x_wconf 83' lang='lat' dir='ltr'><strong>Maffeianus,</strong></span> <span class='ocrx_word' id='word_1_64' title='bbox 1494 852 1654 912; x_wconf 79' lang='lat'>2—6)</span> 
     </span>
     <span class='ocr_line' id='line_1_10' title="bbox 136 935 1658 1006; baseline -0.005 -16"><span class='ocrx_word' id='word_1_65' title='bbox 136 939 191 989; x_wconf 86' lang='lat' dir='ltr'><strong>V</strong></span> <span class='ocrx_word' id='word_1_66' title='bbox 219 940 472 1002; x_wconf 79' lang='lat' dir='ltr'><strong>Vaticani,</strong></span> <span class='ocrx_word' id='word_1_67' title='bbox 509 955 741 1006; x_wconf 85' lang='lat' dir='ltr'><strong>quorum</strong></span> <span class='ocrx_word' id='word_1_68' title='bbox 741 944 898 986; x_wconf 81' lang='lat' dir='ltr'><strong>tamen</strong></span> <span class='ocrx_word' id='word_1_69' title='bbox 930 937 1212 1004; x_wconf 88' lang='lat' dir='ltr'><strong>plerumque</strong></span> <span class='ocrx_word' id='word_1_70' title='bbox 1259 936 1451 983; x_wconf 86' lang='lat' dir='ltr'><strong>nonnisi</strong></span> <span class='ocrx_word' id='word_1_71' title='bbox 1485 935 1536 982; x_wconf 90' lang='grc' dir='ltr'><strong>ΙΙ</strong></span> <span class='ocrx_word' id='word_1_72' title='bbox 1570 935 1658 983; x_wconf 86' lang='lat' dir='ltr'><strong>vel</strong></span> 
     </span>
     <span class='ocr_line' id='line_1_11' title="bbox 138 1017 1658 1083; baseline -0.005 -10"><span class='ocrx_word' id='word_1_73' title='bbox 138 1022 217 1072; x_wconf 82' lang='grc' dir='ltr'><strong>ΠΙ</strong></span> <span class='ocrx_word' id='word_1_74' title='bbox 246 1028 588 1083; x_wconf 64' lang='lat' dir='ltr'><strong>memorantur3</strong></span> <span class='ocrx_word' id='word_1_75' title='bbox 636 1024 750 1070; x_wconf 87' lang='lat' dir='ltr'><strong>item</strong></span> <span class='ocrx_word' id='word_1_76' title='bbox 783 1019 843 1082; x_wconf 82' lang='lat'><strong>8]</strong></span> <span class='ocrx_word' id='word_1_77' title='bbox 890 1020 1292 1068; x_wconf 85' lang='lat' dir='ltr'><strong>Bersmannianus</strong></span> <span class='ocrx_word' id='word_1_78' title='bbox 1338 1018 1449 1065; x_wconf 85' lang='lat' dir='ltr'><strong>sive</strong></span> <span class='ocrx_word' id='word_1_79' title='bbox 1496 1017 1658 1066; x_wconf 85' lang='lat' dir='ltr'><strong>codex</strong></span> 
     </span>
    </p>
   </div>
   <div class='ocr_carea' id='block_1_7' title="bbox 19 1099 1660 1190">
    <p class='ocr_par' dir='ltr' id='par_1_7' title="bbox 19 1099 1660 1190">
     <span class='ocr_line' id='line_1_12' title="bbox 19 1099 1660 1190; baseline -0.004 -34"><span class='ocrx_word' id='word_1_80' title='bbox 19 1138 26 1142; x_wconf 61' lang='lat'>2</span> <span class='ocrx_word' id='word_1_81' title='bbox 104 1151 107 1155; x_wconf 22' lang='grc' dir='ltr'><strong>Δ</strong></span> <span class='ocrx_word' id='word_1_82' title='bbox 141 1103 372 1190; x_wconf 81' lang='lat' dir='ltr'><strong>Gregorii</strong></span> <span class='ocrx_word' id='word_1_83' title='bbox 412 1105 725 1165; x_wconf 83' lang='lat' dir='ltr'><strong>Bersmanni,</strong></span> <span class='ocrx_word' id='word_1_84' title='bbox 759 1099 1020 1152; x_wconf 80' lang='lat' dir='ltr'><strong>Ferrariae</strong></span> <span class='ocrx_word' id='word_1_85' title='bbox 1060 1104 1109 1149; x_wconf 90' lang='lat' dir='ltr'><strong>in</strong></span> <span class='ocrx_word' id='word_1_86' title='bbox 1142 1101 1289 1149; x_wconf 84' lang='lat' dir='ltr'><strong>Italia</strong></span> <span class='ocrx_word' id='word_1_87' title='bbox 1320 1106 1558 1165; x_wconf 82' lang='lat' dir='ltr'><strong>repertus,</strong></span> <span class='ocrx_word' id='word_1_88' title='bbox 1597 1100 1660 1149; x_wconf 90' lang='lat' dir='ltr'><strong>de</strong></span> 
     </span>
    </p>
   </div>
   <div class='ocr_carea' id='block_1_8' title="bbox 0 969 43 1945">
    <p class='ocr_par' dir='ltr' id='par_1_8' title="bbox 0 969 43 1945">
     <span class='ocr_line' id='line_1_13' title="bbox 0 969 43 1945; baseline 0 0"><span class='ocrx_word' id='word_1_89' title='bbox 0 969 43 1945; x_wconf 95' lang='lat' dir='ltr'><strong> </strong></span> 
     </span>
    </p>
   </div>
   <div class='ocr_carea' id='block_1_9' title="bbox 90 1182 1668 1911">
    <p class='ocr_par' dir='ltr' id='par_1_9' title="bbox 90 1182 1668 1911">
     <span class='ocr_line' id='line_1_14' title="bbox 141 1182 1658 1255; baseline -0.004 -18"><span class='ocrx_word' id='word_1_90' title='bbox 141 1185 238 1253; x_wconf 84' lang='lat' dir='ltr'><strong>quo</strong></span> <span class='ocrx_word' id='word_1_91' title='bbox 279 1205 428 1255; x_wconf 85' lang='lat' dir='ltr'><strong>supra</strong></span> <span class='ocrx_word' id='word_1_92' title='bbox 468 1191 774 1237; x_wconf 88' lang='lat' dir='ltr'><strong>memoratum</strong></span> <span class='ocrx_word' id='word_1_93' title='bbox 819 1190 920 1245; x_wconf 83' lang='lat' dir='ltr'><strong>est,</strong></span> <span class='ocrx_word' id='word_1_94' title='bbox 969 1190 1020 1233; x_wconf 88' lang='lat' dir='ltr'><strong>et</strong></span> <span class='ocrx_word' id='word_1_95' title='bbox 1052 1184 1098 1232; x_wconf 88' lang='grc'><strong>9</strong></span> <span class='ocrx_word' id='word_1_96' title='bbox 1133 1183 1226 1244; x_wconf 83' lang='grc'><strong>10)</strong></span> <span class='ocrx_word' id='word_1_97' title='bbox 1263 1182 1452 1231; x_wconf 84' lang='lat' dir='ltr'><strong>Barthii</strong></span> <span class='ocrx_word' id='word_1_98' title='bbox 1496 1184 1570 1244; x_wconf 84' lang='grc' dir='ltr'><strong>ΙΙ,</strong></span> <span class='ocrx_word' id='word_1_99' title='bbox 1615 1186 1658 1231; x_wconf 83' lang='lat' dir='ltr'><strong>si</strong></span> 
     </span>
     <span class='ocr_line' id='line_1_15' title="bbox 120 1267 1662 1336; baseline -0.004 -15"><span class='ocrx_word' id='word_1_100' title='bbox 120 1270 286 1320; x_wconf 59' lang='lat' dir='ltr'><strong>&gt;modo</strong></span> <span class='ocrx_word' id='word_1_101' title='bbox 334 1287 539 1336; x_wconf 91' lang='lat' dir='ltr'><strong>unquam</strong></span> <span class='ocrx_word' id='word_1_102' title='bbox 588 1270 811 1330; x_wconf 76' lang='lat' dir='ltr'><strong>fuerunt,</strong></span> <span class='ocrx_word' id='word_1_103' title='bbox 875 1283 995 1334; x_wconf 88' lang='lat' dir='ltr'><strong>quos</strong></span> <span class='ocrx_word' id='word_1_104' title='bbox 1039 1267 1339 1315; x_wconf 82' lang='lat' dir='ltr'><strong>Burmannus</strong></span> <span class='ocrx_word' id='word_1_105' title='bbox 1388 1269 1580 1315; x_wconf 84' lang='lat' dir='ltr'><strong>nonnisi</strong></span> <span class='ocrx_word' id='word_1_106' title='bbox 1632 1282 1662 1315; x_wconf 90' lang='lat' dir='ltr'><strong>e</strong></span> 
     </span>
     <span class='ocr_line' id='line_1_16' title="bbox 141 1349 1662 1416; baseline -0.003 -13"><span class='ocrx_word' id='word_1_107' title='bbox 141 1353 332 1403; x_wconf 81' lang='lat' dir='ltr'><strong>Barthii</strong></span> <span class='ocrx_word' id='word_1_108' title='bbox 379 1353 901 1403; x_wconf 86' lang='lat' dir='ltr'><strong>Animadversionibus</strong></span> <span class='ocrx_word' id='word_1_109' title='bbox 958 1351 1255 1416; x_wconf 85' lang='lat' dir='ltr'><strong>cognovisse</strong></span> <span class='ocrx_word' id='word_1_110' title='bbox 1295 1349 1516 1409; x_wconf 80' lang='lat' dir='ltr'><strong>videtur,</strong></span> <span class='ocrx_word' id='word_1_111' title='bbox 1567 1365 1662 1398; x_wconf 89' lang='lat' dir='ltr'><strong>nec</strong></span> 
     </span>
     <span class='ocr_line' id='line_1_17' title="bbox 120 1431 1661 1497; baseline -0.003 -12"><span class='ocrx_word' id='word_1_112' title='bbox 120 1437 239 1485; x_wconf 73' lang='lat' dir='ltr'><strong>&#39;nisi</strong></span> <span class='ocrx_word' id='word_1_113' title='bbox 270 1436 422 1486; x_wconf 87' lang='lat' dir='ltr'><strong>semel</strong></span> <span class='ocrx_word' id='word_1_114' title='bbox 450 1436 593 1487; x_wconf 84' lang='lat' dir='ltr'><strong>bisve</strong></span> <span class='ocrx_word' id='word_1_115' title='bbox 625 1435 861 1485; x_wconf 85' lang='lat' dir='ltr'><strong>laudavit.</strong></span> <span class='ocrx_word' id='word_1_116' title='bbox 929 1432 1124 1482; x_wconf 88' lang='lat' dir='ltr'><strong>Deinde</strong></span> <span class='ocrx_word' id='word_1_117' title='bbox 1159 1437 1270 1480; x_wconf 88' lang='lat' dir='ltr'><strong>sunt</strong></span> <span class='ocrx_word' id='word_1_118' title='bbox 1288 1431 1503 1493; x_wconf 75' lang='lat' dir='ltr'><strong>codiceS,</strong></span> <span class='ocrx_word' id='word_1_119' title='bbox 1539 1449 1661 1497; x_wconf 92' lang='lat' dir='ltr'><strong>quo-</strong></span> 
     </span>
     <span class='ocr_line' id='line_1_18' title="bbox 143 1515 1663 1580; baseline -0.003 -12"><span class='ocrx_word' id='word_1_120' title='bbox 143 1527 262 1567; x_wconf 79' lang='lat' dir='ltr'><strong>rum‘·</strong></span> <span class='ocrx_word' id='word_1_121' title='bbox 280 1515 528 1576; x_wconf 78' lang='lat' dir='ltr'><strong>variantes</strong></span> <span class='ocrx_word' id='word_1_122' title='bbox 562 1519 795 1568; x_wconf 85' lang='lat' dir='ltr'><strong>Heinsius</strong></span> <span class='ocrx_word' id='word_1_123' title='bbox 830 1523 881 1567; x_wconf 85' lang='lat' dir='ltr'><strong>et</strong></span> <span class='ocrx_word' id='word_1_124' title='bbox 907 1518 1207 1566; x_wconf 82' lang='lat' dir='ltr'><strong>Burmannus</strong></span> <span class='ocrx_word' id='word_1_125' title='bbox 1241 1521 1323 1563; x_wconf 86' lang='lat' dir='ltr'><strong>aut</strong></span> <span class='ocrx_word' id='word_1_126' title='bbox 1354 1517 1450 1580; x_wconf 89' lang='lat' dir='ltr'><strong>ipsi</strong></span> <span class='ocrx_word' id='word_1_127' title='bbox 1485 1531 1663 1564; x_wconf 88' lang='lat' dir='ltr'><strong>excer-</strong></span> 
     </span>
     <span class='ocr_line' id='line_1_19' title="bbox 142 1596 1663 1667; baseline -0.004 -17"><span class='ocrx_word' id='word_1_128' title='bbox 142 1596 370 1667; x_wconf 65' lang='lat' dir='ltr'><strong>pserunt,</strong></span> <span class='ocrx_word' id='word_1_129' title='bbox 391 1598 487 1661; x_wconf 71' lang='lat' dir='ltr'><strong>&#39;au&#39;t</strong></span> <span class='ocrx_word' id='word_1_130' title='bbox 518 1601 579 1650; x_wconf 89' lang='lat' dir='ltr'><strong>ab</strong></span> <span class='ocrx_word' id='word_1_131' title='bbox 614 1601 724 1650; x_wconf 87' lang='lat' dir='ltr'><strong>aliis</strong></span> <span class='ocrx_word' id='word_1_132' title='bbox 760 1606 1019 1667; x_wconf 84' lang='lat' dir='ltr'><strong>excerptas</strong></span> <span class='ocrx_word' id='word_1_133' title='bbox 1055 1603 1373 1664; x_wconf 81' lang='lat' dir='ltr'><strong>acceperunt:</strong></span> <span class='ocrx_word' id='word_1_134' title='bbox 1409 1597 1503 1658; x_wconf 82' lang='lat'><strong>11)</strong></span> <span class='ocrx_word' id='word_1_135' title='bbox 1539 1597 1663 1646; x_wconf 86' lang='lat' dir='ltr'><strong>Am-</strong></span> 
     </span>
     <span class='ocr_line' id='line_1_20' title="bbox 90 1679 1666 1741; baseline -0.004 -6"><span class='ocrx_word' id='word_1_136' title='bbox 90 1724 97 1735; x_wconf 81' lang='lat'><em>.</em></span> <span class='ocrx_word' id='word_1_137' title='bbox 144 1682 400 1733; x_wconf 78' lang='lat' dir='ltr'><strong>brosianus</strong></span> <span class='ocrx_word' id='word_1_138' title='bbox 440 1686 683 1737; x_wconf 80' lang='lat' dir='ltr'><strong>rarissime</strong></span> <span class='ocrx_word' id='word_1_139' title='bbox 724 1683 966 1732; x_wconf 79' lang='lat' dir='ltr'><strong>laudatus,</strong></span> <span class='ocrx_word' id='word_1_140' title='bbox 1022 1681 1117 1741; x_wconf 77' lang='lat'><strong>12]</strong></span> <span class='ocrx_word' id='word_1_141' title='bbox 1153 1679 1519 1729; x_wconf 84' lang='lat' dir='ltr'><strong>Arundelianus</strong></span> <span class='ocrx_word' id='word_1_142' title='bbox 1554 1682 1666 1729; x_wconf 84' lang='lat' dir='ltr'><strong>sive</strong></span> 
     </span>
     <span class='ocr_line' id='line_1_21' title="bbox 145 1749 1666 1831; baseline -0.003 -16"><span class='ocrx_word' id='word_1_143' title='bbox 145 1765 637 1826; x_wconf 71' lang='lat' dir='ltr'><strong>Pirckloeimerianus,</strong></span> <span class='ocrx_word' id='word_1_144' title='bbox 672 1767 883 1831; x_wconf 87' lang='lat' dir='ltr'><strong>scriptus</strong></span> <span class='ocrx_word' id='word_1_145' title='bbox 917 1758 1080 1812; x_wconf 82' lang='lat' dir='ltr'><strong>Balini</strong></span> <span class='ocrx_word' id='word_1_146' title='bbox 1113 1749 1165 1810; x_wconf 78' lang='lat' dir='ltr'><strong>in</strong></span> <span class='ocrx_word' id='word_1_147' title='bbox 1199 1761 1481 1822; x_wconf 82' lang='lat' dir='ltr'><strong>Germania,</strong></span> <span class='ocrx_word' id='word_1_148' title='bbox 1528 1765 1666 1812; x_wconf 89' lang='lat' dir='ltr'><strong>cuius</strong></span> 
     </span>
     <span class='ocr_line' id='line_1_22' title="bbox 147 1844 1668 1911; baseline -0.003 -14"><span class='ocrx_word' id='word_1_149' title='bbox 147 1852 312 1896; x_wconf 83' lang='lat' dir='ltr'><strong>exstat</strong></span> <span class='ocrx_word' id='word_1_150' title='bbox 353 1848 556 1897; x_wconf 81' lang='lat' dir='ltr'><strong>collatio</strong></span> <span class='ocrx_word' id='word_1_151' title='bbox 602 1865 632 1896; x_wconf 85' lang='lat' dir='ltr'><strong>a</strong></span> <span class='ocrx_word' id='word_1_152' title='bbox 675 1848 715 1896; x_wconf 93' lang='grc' dir='ltr'><strong>Ι.</strong></span> <span class='ocrx_word' id='word_1_153' title='bbox 761 1848 845 1896; x_wconf 78' lang='lat' dir='ltr'><strong>Fr.</strong></span> <span class='ocrx_word' id='word_1_154' title='bbox 881 1845 1137 1895; x_wconf 83' lang='lat' dir='ltr'><strong>Gronovio</strong></span> <span class='ocrx_word' id='word_1_155' title='bbox 1181 1844 1314 1893; x_wconf 86' lang='lat' dir='ltr'><strong>facta</strong></span> <span class='ocrx_word' id='word_1_156' title='bbox 1356 1847 1405 1893; x_wconf 91' lang='lat' dir='ltr'><strong>in</strong></span> <span class='ocrx_word' id='word_1_157' title='bbox 1442 1849 1668 1911; x_wconf 22' lang='lat' dir='ltr'><strong>*margine</strong></span> 
     </span>
    </p>
   </div>
   <div class='ocr_carea' id='block_1_10' title="bbox 0 1905 1669 2016">
    <p class='ocr_par' dir='ltr' id='par_1_10' title="bbox 0 1905 1669 2016">
     <span class='ocr_line' id='line_1_23' title="bbox 0 1905 1669 2016; baseline 0 -38"><span class='ocrx_word' id='word_1_158' title='bbox 0 1905 11 2016; x_wconf 56' lang='grc' dir='ltr'>Ξ</span> <span class='ocrx_word' id='word_1_159' title='bbox 33 1910 59 1977; x_wconf 15' lang='grc' dir='ltr'><strong>Ι,</strong></span> <span class='ocrx_word' id='word_1_160' title='bbox 148 1930 442 1996; x_wconf 86' lang='lat' dir='ltr'><strong>exemplaris</strong></span> <span class='ocrx_word' id='word_1_161' title='bbox 474 1924 711 1980; x_wconf 86' lang='lat' dir='ltr'><strong>editionis</strong></span> <span class='ocrx_word' id='word_1_162' title='bbox 735 1929 1164 1978; x_wconf 79' lang='lat' dir='ltr'><strong>Francofurtensis</strong></span> <span class='ocrx_word' id='word_1_163' title='bbox 1209 1930 1322 1976; x_wconf 85' lang='lat' dir='ltr'><strong>anni</strong></span> <span class='ocrx_word' id='word_1_164' title='bbox 1355 1928 1502 1987; x_wconf 79' lang='lat'>1582,</span> <span class='ocrx_word' id='word_1_165' title='bbox 1538 1929 1669 1994; x_wconf 91' lang='lat' dir='ltr'><strong>quod</strong></span> 
     </span>
    </p>
   </div>
   <div class='ocr_carea' id='block_1_11' title="bbox 147 2002 1675 2310">
    <p class='ocr_par' dir='ltr' id='par_1_11' title="bbox 147 2002 1675 2310">
     <span class='ocr_line' id='line_1_24' title="bbox 147 2002 1669 2076; baseline -0.001 -16"><span class='ocrx_word' id='word_1_166' title='bbox 147 2002 374 2061; x_wconf 77' lang='lat' dir='ltr'><strong>servatur</strong></span> <span class='ocrx_word' id='word_1_167' title='bbox 405 2014 456 2061; x_wconf 87' lang='lat' dir='ltr'><strong>in</strong></span> <span class='ocrx_word' id='word_1_168' title='bbox 488 2012 786 2062; x_wconf 85' lang='lat' dir='ltr'><strong>bibliotheca</strong></span> <span class='ocrx_word' id='word_1_169' title='bbox 822 2013 963 2076; x_wconf 82' lang='lat' dir='ltr'><strong>regia</strong></span> <span class='ocrx_word' id='word_1_170' title='bbox 994 2010 1306 2060; x_wconf 89' lang='lat' dir='ltr'><strong>Berolinensi</strong></span> <span class='ocrx_word' id='word_1_171' title='bbox 1350 2010 1424 2071; x_wconf 82' lang='lat' dir='ltr'><strong>(b.</strong></span> <span class='ocrx_word' id='word_1_172' title='bbox 1458 2011 1669 2072; x_wconf 83' lang='lat' dir='ltr'><strong>Diezii].</strong></span> 
     </span>
     <span class='ocr_line' id='line_1_25' title="bbox 150 2091 1670 2159; baseline 0 -16"><span class='ocrx_word' id='word_1_173' title='bbox 150 2091 332 2144; x_wconf 83' lang='lat' dir='ltr'><strong>Codex</strong></span> <span class='ocrx_word' id='word_1_174' title='bbox 361 2100 468 2144; x_wconf 86' lang='lat' dir='ltr'><strong>erat</strong></span> <span class='ocrx_word' id='word_1_175' title='bbox 482 2095 885 2144; x_wconf 77' lang='lat' dir='ltr'><strong>membranaceus,</strong></span> <span class='ocrx_word' id='word_1_176' title='bbox 934 2095 990 2142; x_wconf 91' lang='lat' dir='ltr'><strong>In</strong></span> <span class='ocrx_word' id='word_1_177' title='bbox 1024 2093 1163 2143; x_wconf 86' lang='lat' dir='ltr'><strong>calce</strong></span> <span class='ocrx_word' id='word_1_178' title='bbox 1197 2092 1321 2142; x_wconf 86' lang='lat' dir='ltr'><strong>haec</strong></span> <span class='ocrx_word' id='word_1_179' title='bbox 1337 2093 1670 2159; x_wconf 64' lang='lat' dir='ltr'><strong>‚legebanturz</strong></span> 
     </span>
     <span class='ocr_line' id='line_1_26' title="bbox 150 2174 1675 2243; baseline 0 -16"><span class='ocrx_word' id='word_1_180' title='bbox 150 2174 392 2241; x_wconf 72' lang='lat' dir='ltr'><strong>Explicit</strong></span> <span class='ocrx_word' id='word_1_181' title='bbox 427 2177 494 2226; x_wconf 90' lang='lat' dir='ltr'><strong>P.</strong></span> <span class='ocrx_word' id='word_1_182' title='bbox 530 2178 698 2227; x_wconf 78' lang='lat' dir='ltr'><strong>Ovidii</strong></span> <span class='ocrx_word' id='word_1_183' title='bbox 736 2176 967 2226; x_wconf 74' lang='lat' dir='ltr'><strong>Nasonis</strong></span> <span class='ocrx_word' id='word_1_184' title='bbox 1011 2177 1073 2225; x_wconf 82' lang='lat' dir='ltr'><strong>de</strong></span> <span class='ocrx_word' id='word_1_185' title='bbox 1121 2175 1401 2235; x_wconf 70' lang='lat' dir='ltr'><strong>Tristibm,</strong></span> <span class='ocrx_word' id='word_1_186' title='bbox 1448 2194 1572 2243; x_wconf 74' lang='lat' dir='ltr'><strong>quos</strong></span> <span class='ocrx_word' id='word_1_187' title='bbox 1629 2179 1675 2227; x_wconf 88' lang='lat' dir='ltr'><em>V</em></span> 
     </span>
     <span class='ocr_line' id='line_1_27' title="bbox 154 2258 1670 2310; baseline 0.001 -2"><span class='ocrx_word' id='word_1_188' title='bbox 154 2258 311 2308; x_wconf 68' lang='lat' dir='ltr'><strong>libros</strong></span> <span class='ocrx_word' id='word_1_189' title='bbox 362 2258 614 2309; x_wconf 71' lang='lat' dir='ltr'><strong>Nicolaus</strong></span> <span class='ocrx_word' id='word_1_190' title='bbox 672 2258 859 2310; x_wconf 76' lang='lat' dir='ltr'><strong>Grabel</strong></span> <span class='ocrx_word' id='word_1_191' title='bbox 902 2262 959 2308; x_wconf 78' lang='lat' dir='ltr'><strong>in</strong></span> <span class='ocrx_word' id='word_1_192' title='bbox 999 2258 1186 2308; x_wconf 78' lang='lat' dir='ltr'><strong>Studio</strong></span> <span class='ocrx_word' id='word_1_193' title='bbox 1219 2258 1488 2309; x_wconf 76' lang='lat' dir='ltr'><strong>Patavina</strong></span> <span class='ocrx_word' id='word_1_194' title='bbox 1537 2276 1670 2309; x_wconf 80' lang='lat' dir='ltr'><strong>anno</strong></span> 
     </span>
    </p>
   </div>
   <div class='ocr_carea' id='block_1_12' title="bbox 22 2340 1670 2419">
    <p class='ocr_par' dir='ltr' id='par_1_12' title="bbox 22 2340 1670 2419">
     <span class='ocr_line' id='line_1_28' title="bbox 22 2340 1670 2419; baseline 0.001 -29"><span class='ocrx_word' id='word_1_195' title='bbox 22 2348 30 2378; x_wconf 71' lang='lat'><strong>&#39;-</strong></span> <span class='ocrx_word' id='word_1_196' title='bbox 61 2367 90 2419; x_wconf 9' lang='lat'><strong>‘¹</strong></span> <span class='ocrx_word' id='word_1_197' title='bbox 154 2340 305 2391; x_wconf 79' lang='lat'><em>1448</em></span> <span class='ocrx_word' id='word_1_198' title='bbox 336 2358 397 2390; x_wconf 56' lang='lat'><strong>.1.</strong></span> <span class='ocrx_word' id='word_1_199' title='bbox 430 2378 442 2390; x_wconf 92' lang='grc'><strong>.</strong></span> <span class='ocrx_word' id='word_1_200' title='bbox 476 2378 515 2402; x_wconf 83' lang='grc'><strong>.,</strong></span> <span class='ocrx_word' id='word_1_201' title='bbox 546 2348 682 2399; x_wconf 59' lang='lat' dir='ltr'><strong>,tunc</strong></span> <span class='ocrx_word' id='word_1_202' title='bbox 728 2345 966 2407; x_wconf 74' lang='lat' dir='ltr'><strong>temporis</strong></span> <span class='ocrx_word' id='word_1_203' title='bbox 1010 2342 1080 2390; x_wconf 75' lang='lat' dir='ltr'><strong>ibi</strong></span> <span class='ocrx_word' id='word_1_204' title='bbox 1120 2342 1332 2391; x_wconf 78' lang='lat' dir='ltr'><strong>studens</strong></span> <span class='ocrx_word' id='word_1_205' title='bbox 1373 2345 1430 2391; x_wconf 76' lang='lat' dir='ltr'><strong>in</strong></span> <span class='ocrx_word' id='word_1_206' title='bbox 1462 2347 1670 2392; x_wconf 80' lang='lat' dir='ltr'><strong>cammi-</strong></span> 
     </span>
    </p>
   </div>
   <div class='ocr_carea' id='block_1_13' title="bbox 0 2163 60 3146">
    <p class='ocr_par' dir='ltr' id='par_1_13' title="bbox 0 2163 60 3146">
     <span class='ocr_line' id='line_1_29' title="bbox 0 2163 60 3146; baseline 0 0"><span class='ocrx_word' id='word_1_207' title='bbox 0 2163 60 3146; x_wconf 95' lang='lat' dir='ltr'><strong> </strong></span> 
     </span>
    </p>
   </div>
   <div class='ocr_carea' id='block_1_14' title="bbox 34 2421 1673 2822">
    <p class='ocr_par' dir='ltr' id='par_1_14' title="bbox 34 2421 1673 2737">
     <span class='ocr_line' id='line_1_30' title="bbox 153 2421 1671 2486; baseline 0.002 -15"><span class='ocrx_word' id='word_1_208' title='bbox 153 2421 261 2472; x_wconf 68' lang='lat' dir='ltr'><strong>bus.</strong></span> <span class='ocrx_word' id='word_1_209' title='bbox 316 2422 411 2486; x_wconf 83' lang='lat'><strong>13)</strong></span> <span class='ocrx_word' id='word_1_210' title='bbox 431 2424 594 2474; x_wconf 84' lang='lat' dir='ltr'><strong>codex</strong></span> <span class='ocrx_word' id='word_1_211' title='bbox 610 2427 822 2474; x_wconf 88' lang='lat' dir='ltr'><strong>auctoris</strong></span> <span class='ocrx_word' id='word_1_212' title='bbox 846 2424 1128 2474; x_wconf 78' lang='lat' dir='ltr'><strong>Electorum</strong></span> <span class='ocrx_word' id='word_1_213' title='bbox 1156 2424 1489 2484; x_wconf 83' lang='lat' dir='ltr'><strong>Etonensium‚</strong></span> <span class='ocrx_word' id='word_1_214' title='bbox 1522 2440 1671 2474; x_wconf 90' lang='lat' dir='ltr'><strong>mem-</strong></span> 
     </span>
     <span class='ocr_line' id='line_1_31' title="bbox 34 2503 1671 2570; baseline -0.001 -15"><span class='ocrx_word' id='word_1_215' title='bbox 34 2566 36 2570; x_wconf 33' lang='grc'><em>,</em></span> <span class='ocrx_word' id='word_1_216' title='bbox 153 2503 438 2555; x_wconf 77' lang='lat' dir='ltr'><strong>bmnaceus.</strong></span> <span class='ocrx_word' id='word_1_217' title='bbox 485 2507 604 2556; x_wconf 86' lang='lat' dir='ltr'><strong>Vid.</strong></span> <span class='ocrx_word' id='word_1_218' title='bbox 637 2507 766 2556; x_wconf 86' lang='lat' dir='ltr'><strong>infra</strong></span> <span class='ocrx_word' id='word_1_219' title='bbox 782 2506 847 2556; x_wconf 89' lang='lat' dir='ltr'><strong>de</strong></span> <span class='ocrx_word' id='word_1_220' title='bbox 866 2505 976 2556; x_wconf 87' lang='lat' dir='ltr'><strong>cod.</strong></span> <span class='ocrx_word' id='word_1_221' title='bbox 1010 2506 1113 2554; x_wconf 86' lang='lat' dir='ltr'><strong>Iun.</strong></span> <span class='ocrx_word' id='word_1_222' title='bbox 1165 2505 1258 2566; x_wconf 88' lang='grc'>14)</span> <span class='ocrx_word' id='word_1_223' title='bbox 1276 2506 1671 2567; x_wconf 80' lang='lat' dir='ltr'><strong>Barberinianus‚</strong></span> 
     </span>
     <span class='ocr_line' id='line_1_32' title="bbox 154 2583 1672 2652; baseline 0.001 -16.853"><span class='ocrx_word' id='word_1_224' title='bbox 154 2583 324 2648; x_wconf 68' lang='lat' dir='ltr'><strong>Italus,</strong></span> <span class='ocrx_word' id='word_1_225' title='bbox 360 2589 443 2652; x_wconf 87' lang='lat' dir='ltr'><strong>qui</strong></span> <span class='ocrx_word' id='word_1_226' title='bbox 473 2604 586 2637; x_wconf 91' lang='lat' dir='ltr'><strong>raro</strong></span> <span class='ocrx_word' id='word_1_227' title='bbox 619 2589 858 2638; x_wconf 85' lang='lat' dir='ltr'><strong>laudatur.</strong></span> <span class='ocrx_word' id='word_1_228' title='bbox 922 2588 1016 2649; x_wconf 82' lang='lat'><strong>15]</strong></span> <span class='ocrx_word' id='word_1_229' title='bbox 1051 2588 1354 2638; x_wconf 87' lang='lat' dir='ltr'><strong>Basiliensis.</strong></span> <span class='ocrx_word' id='word_1_230' title='bbox 1416 2589 1510 2651; x_wconf 80' lang='lat'><strong>16)</strong></span> <span class='ocrx_word' id='word_1_231' title='bbox 1544 2590 1672 2638; x_wconf 89' lang='lat' dir='ltr'><strong>Ber-</strong></span> 
     </span>
     <span class='ocr_line' id='line_1_33' title="bbox 40 2661 1673 2737; baseline 0.002 -20"><span class='ocrx_word' id='word_1_232' title='bbox 40 2684 46 2692; x_wconf 72' lang='lat'><strong><em>‘</em></strong></span> <span class='ocrx_word' id='word_1_233' title='bbox 143 2661 337 2730; x_wconf 41' lang='lat' dir='ltr'><strong>nensis&amp;</strong></span> <span class='ocrx_word' id='word_1_234' title='bbox 371 2671 509 2719; x_wconf 86' lang='lat' dir='ltr'><strong>cuius</strong></span> <span class='ocrx_word' id='word_1_235' title='bbox 542 2670 743 2720; x_wconf 84' lang='lat' dir='ltr'><strong>collatio</strong></span> <span class='ocrx_word' id='word_1_236' title='bbox 787 2673 979 2736; x_wconf 84' lang='lat' dir='ltr'><strong>integra</strong></span> <span class='ocrx_word' id='word_1_237' title='bbox 1022 2676 1074 2719; x_wconf 89' lang='lat' dir='ltr'><strong>et</strong></span> <span class='ocrx_word' id='word_1_238' title='bbox 1106 2674 1467 2720; x_wconf 84' lang='lat' dir='ltr'><strong>accuratissima</strong></span> <span class='ocrx_word' id='word_1_239' title='bbox 1499 2674 1549 2719; x_wconf 90' lang='lat' dir='ltr'><strong>in</strong></span> <span class='ocrx_word' id='word_1_240' title='bbox 1584 2689 1673 2737; x_wconf 88' lang='lat' dir='ltr'><strong>ap·-</strong></span> 
     </span>
    </p>

    <p class='ocr_par' dir='ltr' id='par_1_15' title="bbox 157 2754 1672 2822">
     <span class='ocr_line' id='line_1_34' title="bbox 157 2754 1672 2822; baseline 0.001 -20"><span class='ocrx_word' id='word_1_241' title='bbox 157 2757 326 2821; x_wconf 77' lang='lat' dir='ltr'><strong>paratu</strong></span> <span class='ocrx_word' id='word_1_242' title='bbox 360 2769 500 2803; x_wconf 84' lang='lat' dir='ltr'><strong>manu</strong></span> <span class='ocrx_word' id='word_1_243' title='bbox 545 2755 728 2822; x_wconf 82' lang='lat' dir='ltr'><strong>scripto</strong></span> <span class='ocrx_word' id='word_1_244' title='bbox 762 2754 1376 2805; x_wconf 86' lang='lat' dir='ltr'><strong>Heinsio-Burmanniano</strong></span> <span class='ocrx_word' id='word_1_245' title='bbox 1412 2755 1672 2816; x_wconf 80' lang='lat' dir='ltr'><strong>(Biblioth.</strong></span> 
     </span>
    </p>
   </div>
  </div>
 </body>
</html>
