1846 3146
219 168 317 219 194

461 168 522 217 Ρ.
560 166 782 218 OVIDII
817 165 1132 218 NASONIS
1167 166 1509 218 TRISTIUM

221 288 284 339 Si
318 305 415 339 non
448 288 686 355 Aeropen
721 289 875 338 frater
906 290 1179 340 sceleratus
1213 293 1438 350 amasset,

286 371 516 421 Aversos
550 370 691 421 Solis
725 388 823 421 non
858 373 1134 438 legeremus
1168 387 1350 438 equos·
1336 407 1351 433 ‚

220 454 373 520 Impia
405 469 498 503 nec
529 456 748 519 tragicos
783 457 1031 521 tetigisset
1064 454 1246 522 Scylla
1280 454 1562 516 cothurnoS‚

286 537 356 585 Ni
388 538 595 602 patrium
628 540 810 588 crinem
847 539 1155 588 desecuisset
1188 554 1335 587 amor.

220 618 316 679 Qui
348 619 479 684 legis
512 619 749 670 Electran
782 627 832 670 et
867 626 1090 687 egentem
1118 623 1291 670 mentis
1326 619 1536 671 Oresten
1573 684 1583 693 .

1645 618 1745 670 395

285 702 537 768 Aegysthi
572 705 752 754 crimen
788 703 1204 771 Tyndaridosque
1235 703 1380 768 legis·

264 851 340 883 590.
373 852 485 895 Bus1.,
515 854 658 896 Dresd.,
688 845 811 897 Goth,
840 854 947 888 (trev.

220 908 257 939 et
279 908 369 940 vett.
392 909 471 941 edd.
494 908 607 950 Itym.
652 909 733 942 Rel.
757 911 795 942 et
812 908 875 942 alii
897 908 951 941 Y-

220 961 298 995 tim.

264 1040 340 1074 391.
381 1039 568 1081 Aeropen.
620 1042 758 1084 Scripti
787 1041 952 1084 plerique

218 1094 431 1137 Europam,
454 1095 649 1137 Europem
684 1099 722 1130 et
758 1098 951 1138 Europen.

219 1153 294 1185 Sed
329 1152 522 1193 legendum
550 1151 734 1194 Ae'ropen.
791 1152 953 1193 Aerope,

218 1216 315 1240 uxor
348 1207 475 1249 Atrei,
501 1215 533 1246 *a
565 1209 751 1251 Thyeste,
791 1208 953 1250 coniugis

218 1263 352 1305 fratre,
375 1262 557 1296 adulterIo
583 1265 761 1304 corrupta
776 1265 842 1296 est.
890 1265 953 1295 In-

170 1343 181 1358 .,
219 1319 268 1351 de
287 1321 422 1352 Atreus
452 1318 568 1351 iratus
597 1319 676 1358 eius
706 1319 845 1351 liberos
874 1327 952 1351 ma-

218 1375 339 1407 ctatos
378 1374 562 1415 Thyestae
598 1374 798 1415 epulandos
834 1382 951 1416 appo-

217 1428 305 1472 suit,
329 1437 480 1470 quarum
501 1430 690 1470 epularum
714 1433 772 1461 'ne
800 1432 951 1471 aspectu

217 1486 465 1527 pollueretur,
499 1484 567 1516 Sol
589 1485 835 1527 retrofugisse
858 1486 950 1518 dici-

219 1540 289 1572 tur.
341 1540 436 1580 Hyg.
459 1539 499 1571 F.
523 1539 620 1582 258„
650 1541 730 1572 Art.
752 1542 796 1573 A.
818 1542 850 1583 Ι,
873 1541 950 1573 327.

217 1603 294 1635 sqq.
324 1595 514 1628 Laudatur
531 1594 708 1642 Thyestes
719 1595 953 1639 epollodori,

218 1649 454 1691 Tharsensis,
486 1650 724 1691 cleophontis
752 1652 952 1685 Athenien-

218 1704 286 1747 sis,
310 1704 585 1748 Chaeremonis,
606 1706 782 1748 Diogenis
805 1709 843 1740 et
858 1706 952 1741 Car-

219 1761 302 1793 cini.
348 1759 461 1793 Huius
472 1762 678 1802 argumenti
690 1763 840 1795 fuerunt
859 1764 953 1794 duae

217 1817 366 1848 fabulae
412 1816 607 1857 Sophoclis
615 1840 630 1860 ,
689 1825 838 1859 quarum
882 1824 954 1848 una

223 1870 404 1909 Thyestes
426 1869 637 1912 Sicyonius,
660 1874 781 1906 altera
810 1872 953 1914 simpli-

180 1927 186 1931 “
219 1925 314 1958 citer
348 1925 525 1965 Thyestes
556 1927 762 1969 dicebatur3
803 1928 881 1959 eius
910 1935 953 1959 e-

219 1980 306 2012 tiam
329 1979 513 2019 Mycenae
535 1982 598 2014 vel
621 1981 765 2014 Atreus
778 1983 854 2020 ‚huc
865 1989 953 2023 spe-

172 2038 178 2044 ·
219 2035 341 2067 ctasse
370 2034 530 2078 videtur,
559 2036 646 2084 intem
674 2036 858 2077 Euripidis
898 2035 953 2069 A-

221 2090 328 2122 treus
358 2092 396 2123 et
425 2090 595 2124 Cressae.
652 2092 725 2125 Sed
756 2100 862 2132 quam
893 2092 953 2124 fa-

219 2146 342 2178 bulam
365 2145 477 2188 poeta
499 2146 723 2187 potissimum
751 2147 798 2179 ob
824 2147 953 2180 oculos

219 2201 402 2243 habuerit,
433 2201 612 2234 incertum
643 2203 711 2234 est.
741 2219 780 2226 -
809 2203 893 2245 Seg.
916 2204 954 2235 et

219 2258 308 2289 vett.
331 2257 412 2291 edd.
434 2255 642 2297 Meropem.
740 2255 742 2257 ’

263 2345 339 2377 393.
369 2344 484 2386 Tray.
494 2342 862 2386 testa—cothurnos,
874 2346 955 2377 tra-

219 2402 322 2433 ctata
333 2402 430 2431 esset
441 2399 477 2431 in
488 2399 697 2441 tragoediis.
721 2400 865 2443 Scylla,
877 2400 955 2433 Nisi

219 2454 491 2497 Megarensium
521 2455 621 2497 regis
654 2455 747 2497 filia,
777 2463 856 2488 cum
879 2455 954 2488 Mi-

219 2518 287 2543 nos
317 2512 507 2551 Megaram
538 2512 787 2552 oppugnaret,
828 2518 954 2544 amore

219 2566 297 2598 eius
321 2566 472 2598 incensa
502 2566 639 2598 crinem
667 2565 784 2607 patris
813 2575 953 2608 purpu-

218 2629 336 2663 reum,
360 2630 406 2654 ex
429 2630 499 2662 quo
532 2623 570 2653 et
592 2620 705 2662 ipsius
734 2622 771 2663 et
794 2621 952 2654 civitatis

218 2677 319 2709 salus
342 2677 538 2719 pendebat,
560 2678 741 2709 resectum
757 2675 951 2710 Minoide-
971 2672 977 2681 ‘

184 2734 187 2739 ’
219 2732 285 2773 dit,
307 2733 520 2772 patremque
544 2734 581 2764 et
604 2731 759 2772 patriam
782 2731 950 2772 prodidit.

219 2785 343 2828 Quare
370 2786 406 2819 in
438 2787 537 2821 Cirin
566 2789 706 2820 mutata
733 2789 800 2819 est.
856 2788 951 2828 Hyg.

218 2842 260 2875 F.
280 2841 357 2876 198.
380 2841 464 2885 ibiq.
492 2843 636 2886 Munk„
668 2843 756 2876 Met.
779 2843 881 2886 VIII,
906 2842 950 2884 1.,

1019 855 1214 897 Appollod.
1245 857 1307 888 111.
1333 863 1365 888 c.
1390 854 1444 887 14.
1474 853 1594 895 ibique
1616 854 1748 897 Heyn.,

1018 910 1170 942 Pausan.
1193 912 1221 943 1.
1240 912 1296 944 39.
1339 911 1429 944 Eam
1441 911 1749 952 quoqueaGrae-

1019 966 1073 999 cis
1108 966 1146 999 in
1186 974 1334 1000 scenam
1363 966 1514 999 allatam
1554 973 1660 1008 esse,
1701 974 1749 998 ex

958 1032 961 1033 ⁷
1018 1022 1196 1056 hocloco
1225 1019 1396 1065 apparet,
1426 1016 1748 1062 quamvisaubto-

1018 1088 1098 1112 rum
1131 1078 1338 1111 testimonia
1366 1085 1439 1110 non
1467 1075 1629 1108 habeam.
1674 1074 1749 1109 00-

1019 1134 1192 1167 tkurnus.
1250 1134 1333 1168 Vid.
1367 1134 1413 1166 ad
1445 1142 1481 1165 v.
1514 1132 1590 1165 554.
1650 1131 1748 1174 Bel.,

1018 1191 1113 1222 Mor.
1148 1199 1217 1231 pro
1251 1200 1288 1223 v.
1321 1197 1394 1222 scr.
1425 1187 1582 1221 libellos.
1635 1186 1749 1228 Gall„

1018 1245 1164 1278 Pirckh.
1188 1246 1226 1278 et
1248 1247 1304 1277 ed.
1332 1245 1471 1278 Bonon.
1488 1250 1565 1276 non
1587 1241 1691 1284 trag.
1706 1257 1753 1264 --

1018 1302 1063 1334 V.
1087 1302 1163 1335 394.
1197 1301 1274 1334 Pal.
1298 1300 1330 1333 1.
1353 1297 1510 1332 crimen.

1063 1390 1139 1422 395.
1174 1389 1372 1422 Electran.
1425 1388 1599 1431 Electra,
1647 1390 1749 1431 Aga-
1813 1392 1816 1394 ’

1018 1445 1216 1479 memnonis
1239 1453 1260 1476 e
1283 1445 1556 1486 clytemnestra
1578 1444 1673 1488 filia,
1695 1445 1749 1478 0-

1017 1504 1143 1535 resten
1175 1502 1330 1532 fratrem
1368 1500 1543 1532 infantem
1572 1499 1620 1532 ab
1657 1498 1750 1532 insi-

1019 1558 1084 1590 diis
1099 1556 1293 1598 Aegysthi,
1315 1554 1441 1588 matris
1463 1563 1552 1588 suae
1574 1547 1749 1599 adulteri,

1018 1620 1066 1644 ex
1093 1610 1271 1651 Argolide
1298 1610 1466 1643 servavit
1504 1613 1542 1643 et
1573 1611 1747 1651 Strophio

1018 1668 1055 1700 in
1087 1666 1244 1699 Phocide
1278 1665 1549 1698 custodiendum
1583 1663 1762 1706 tradidit,'

1019 1729 1169 1762 cumque
1190 1721 1427 1763 adolevisset,
1450 1728 1532 1752 eum
1558 1720 1597 1753 in
1618 1721 1749 1763 Aegy-

1017 1778 1100 1809 stho
1124 1778 1161 1809 et
1192 1779 1309 1809 matre
1343 1775 1545 1809 occidenda
1572 1778 1752 1817 patreque

1020 1832 1229 1864 ulciscendo
1252 1831 1400 1864 adiuvit.
1446 1830 1596 1864 orestes
1613 1831 1661 1863 ob
1678 1831 1750 1865 hoc

1019 1888 1251 1930 parricidium
1271 1887 1377 1920 furiis
1398 1885 1524 1919 matris
1532 1886 1749 1928 ‘exagitatus

1020 1946 1086 1976 est.
1131 1945 1169 1986 Ι,
1193 1946 1228 1986 5,
1251 1943 1305 1976 21.
1348 1942 1518 1983 Exstant,
1539 1941 1578 1974 in
1606 1937 1748 1983 quibuS,

1019 2007 1108 2040 quas
1118 1997 1230 2039 poeta
1252 1999 1289 2030 in
1311 1998 1431 2030 animo
1451 1997 1575 2038 habet,
1591 2003 1654 2028 res
1665 1997 1750 2028 tan-

1018 2056 1154 2096 guntur
1187 2052 1380 2094 Sophoclis
1408 2051 1571 2084 Electra
1605 2053 1644 2085 et
1670 2052 1748 2085 Eu-

1018 2109 1144 2151 ripidis
1170 2107 1334 2150 Orestes,
1363 2114 1513 2149 quarum
1537 2108 1750 2150 tragoedia-

1019 2173 1099 2197 rum
1121 2163 1364 2205 posteriorem
1390 2162 1554 2203 sequitur
1582 2164 1683 2198 Naso
1711 2164 1750 2198 in

1019 2220 1088 2252 hac
1109 2219 1235 2251 fabula
1257 2218 1472 2259 exponenda
1494 2218 1602 2251 Trist.
1620 2220 1688 2266 IV,
1710 2220 1748 2262 4,

1020 2276 1074 2308 69.
1125 2276 1180 2308 De
1211 2275 1337 2306 eadem
1372 2273 1498 2306 fabula
1527 2275 1624 2307 conf.
1651 2275 1749 2317 Hyg.

1020 2331 1061 2364 F.
1085 2330 1140 2364 47.
1164 2330 1238 2363 117.
1269 2329 1361 2372 119.,
1389 2330 1492 2362 Hom.
1524 2330 1655 2372 odyss.
1682 2332 1750 2373 111,

1021 2386 1114 2428 305„
1136 2386 1243 2427 xm,
1272 2385 1364 2427 458„
1393 2385 1564 2426 Apollod.
1586 2388 1631 2419 Π.
1661 2394 1694 2420 c.
1713 2387 1747 2419 7.

1020 2440 1140 2481 ibique
1173 2441 1290 2481 fleyn.
1337 2442 1375 2473 et
1414 2440 1508 2473 idem
1545 2441 1662 2482 Heyn.
1699 2442 1746 2474 ad

1019 2496 1124 2538 Virg.
1147 2497 1191 2529 Α,
1214 2496 1282 2539 IV,
1305 2496 1383 2529 471:

1063 2564 1207 2605 Guelf„
1243 2563 1342 2596 Busl.
1379 2565 1417 2596 et
1444 2562 1511 2596 alii
1535 2548 1746 2595 nmirum.

1017 2621 1118 2662 Segi,
1142 2619 1266 2661 Goth„
1288 2619 1426 2665 Guelf„
1443 2619 1539 2660 Put„
1560 2619 1672 2660 Mon,
1694 2618 1747 2651 IV

1017 2676 1081 2708 alii
1103 2676 1240 2717 Heius„
1263 2676 1353 2708 vett.
1376 2675 1477 2716 edd„
1498 2675 1648 2715 praeter
1672 2674 1747 2706 Bo·
1799 2712 1802 2717 Ι

1017 2739 1101 2764 non.
1107 2752 1122 2773 ,
1153 2738 1221 2763 nec
1251 2728 1424 2771 egentem.
1481 2729 1747 2774 Bersm.‚1un.,
1776 2720 1790 2731 “

1016 2787 1070 2820 VI
1099 2785 1162 2819 alii
1190 2784 1312 2820 Heius.
1342 2786 1380 2819 et
1408 2784 1515 2819 crev.
1543 2786 1606 2818 vel
1634 2792 1745 2828 egen-

1017 2842 1100 2875 tem.
