<?xml version="1.0" encoding="UTF-8"?>
<!DOCTYPE html PUBLIC "-//W3C//DTD XHTML 1.0 Transitional//EN"
    "http://www.w3.org/TR/xhtml1/DTD/xhtml1-transitional.dtd">
<html xmlns="http://www.w3.org/1999/xhtml" xml:lang="en" lang="en">
 <head>
  <title>
</title>
<meta http-equiv="Content-Type" content="text/html;charset=utf-8" />
  <meta name='ocr-system' content='tesseract 3.04.00' />
  <meta name='ocr-capabilities' content='ocr_page ocr_carea ocr_par ocr_line ocrx_word'/>
</head>
<body>
  <div class='ocr_page' id='page_1' title='image "./tristiumlibriqui00oviduoft_0060.png"; bbox 0 0 1846 3146; ppageno 0'>
   <div class='ocr_carea' id='block_1_1' title="bbox 226 164 290 209">
    <p class='ocr_par' dir='ltr' id='par_1_1' title="bbox 226 164 290 209">
     <span class='ocr_line' id='line_1_1' title="bbox 226 164 290 209; baseline 0.016 -1"><span class='ocrx_word' id='word_1_1' title='bbox 226 164 290 209; x_wconf 79' lang='lat'>22</span> 
     </span>
    </p>
   </div>
   <div class='ocr_carea' id='block_1_2' title="bbox 473 157 1514 211">
    <p class='ocr_par' dir='ltr' id='par_1_2' title="bbox 473 157 1514 211">
     <span class='ocr_line' id='line_1_2' title="bbox 473 157 1514 211; baseline -0.001 -3"><span class='ocrx_word' id='word_1_2' title='bbox 473 160 530 208; x_wconf 88' lang='lat' dir='ltr'>P.</span> <span class='ocrx_word' id='word_1_3' title='bbox 567 158 790 210; x_wconf 85' lang='lat' dir='ltr'>0V1D11</span> <span class='ocrx_word' id='word_1_4' title='bbox 824 158 1139 211; x_wconf 84' lang='lat' dir='ltr'>NASONIS</span> <span class='ocrx_word' id='word_1_5' title='bbox 1175 157 1514 208; x_wconf 87' lang='lat' dir='ltr'><strong>TRISTIUM</strong></span> 
     </span>
    </p>
   </div>
   <div class='ocr_carea' id='block_1_3' title="bbox 226 281 1749 462">
    <p class='ocr_par' dir='ltr' id='par_1_3' title="bbox 226 281 1749 462">
     <span class='ocr_line' id='line_1_3' title="bbox 226 281 1749 375; baseline -0.001 -14"><span class='ocrx_word' id='word_1_6' title='bbox 226 281 449 375; x_wconf 82' lang='lat' dir='ltr'>Parve,</span> <span class='ocrx_word' id='word_1_7' title='bbox 486 330 578 364; x_wconf 85' lang='lat' dir='ltr'>nec</span> <span class='ocrx_word' id='word_1_8' title='bbox 612 315 839 375; x_wconf 85' lang='lat' dir='ltr'>invideo,</span> <span class='ocrx_word' id='word_1_9' title='bbox 875 317 982 363; x_wconf 87' lang='lat' dir='ltr'>sine</span> <span class='ocrx_word' id='word_1_10' title='bbox 1015 329 1105 374; x_wconf 92' lang='lat' dir='ltr'>me,</span> <span class='ocrx_word' id='word_1_11' title='bbox 1142 312 1294 374; x_wconf 88' lang='lat' dir='ltr'>liber,</span> <span class='ocrx_word' id='word_1_12' title='bbox 1331 313 1424 362; x_wconf 85' lang='lat' dir='ltr'><strong>ibis</strong></span> <span class='ocrx_word' id='word_1_13' title='bbox 1458 314 1508 360; x_wconf 94' lang='lat' dir='ltr'>in</span> <span class='ocrx_word' id='word_1_14' title='bbox 1541 311 1749 362; x_wconf 81' lang='lat' dir='ltr'>Urbem:</span> 
     </span>
     <span class='ocr_line' id='line_1_4' title="bbox 295 395 1482 462; baseline -0.003 -15"><span class='ocrx_word' id='word_1_15' title='bbox 295 399 394 447; x_wconf 90' lang='lat' dir='ltr'>Hei</span> <span class='ocrx_word' id='word_1_16' title='bbox 427 397 556 458; x_wconf 91' lang='lat' dir='ltr'>mihi,</span> <span class='ocrx_word' id='word_1_17' title='bbox 595 397 726 462; x_wconf 85' lang='lat' dir='ltr'>quod</span> <span class='ocrx_word' id='word_1_18' title='bbox 762 396 955 446; x_wconf 88' lang='lat' dir='ltr'>domino</span> <span class='ocrx_word' id='word_1_19' title='bbox 990 412 1087 446; x_wconf 89' lang='lat' dir='ltr'>non</span> <span class='ocrx_word' id='word_1_20' title='bbox 1121 395 1242 445; x_wconf 75' lang='lat' dir='ltr'>ficet</span> <span class='ocrx_word' id='word_1_21' title='bbox 1276 398 1349 444; x_wconf 89' lang='lat' dir='ltr'>ire</span> <span class='ocrx_word' id='word_1_22' title='bbox 1383 401 1482 444; x_wconf 88' lang='lat' dir='ltr'>tuo.</span> 
     </span>
    </p>
   </div>
   <div class='ocr_carea' id='block_1_4' title="bbox 229 530 958 850">
    <p class='ocr_par' dir='ltr' id='par_1_4' title="bbox 229 530 958 850">
     <span class='ocr_line' id='line_1_5' title="bbox 275 530 955 564; baseline -0.001 0"><span class='ocrx_word' id='word_1_23' title='bbox 275 531 304 564; x_wconf 91' lang='lat'>1.</span> <span class='ocrx_word' id='word_1_24' title='bbox 329 530 468 563; x_wconf 81' lang='lat' dir='ltr'><strong><em>Parve.</em></strong></span> <span class='ocrx_word' id='word_1_25' title='bbox 508 530 677 563; x_wconf 78' lang='lat' dir='ltr'>Parvum</span> <span class='ocrx_word' id='word_1_26' title='bbox 698 531 830 564; x_wconf 91' lang='lat' dir='ltr'>librum</span> <span class='ocrx_word' id='word_1_27' title='bbox 852 534 955 563; x_wconf 86' lang='lat' dir='ltr'>recte</span> 
     </span>
     <span class='ocr_line' id='line_1_6' title="bbox 230 586 954 628; baseline -0.001 -10"><span class='ocrx_word' id='word_1_28' title='bbox 230 587 331 628; x_wconf 85' lang='lat' dir='ltr'>dicit,</span> <span class='ocrx_word' id='word_1_29' title='bbox 355 587 483 628; x_wconf 84' lang='lat' dir='ltr'>quippe</span> <span class='ocrx_word' id='word_1_30' title='bbox 506 587 564 627; x_wconf 88' lang='lat' dir='ltr'>qui</span> <span class='ocrx_word' id='word_1_31' title='bbox 587 590 734 627; x_wconf 87' lang='lat' dir='ltr'>praeter</span> <span class='ocrx_word' id='word_1_32' title='bbox 760 587 853 618; x_wconf 88' lang='lat' dir='ltr'>hanc</span> <span class='ocrx_word' id='word_1_33' title='bbox 877 586 954 618; x_wconf 92' lang='lat' dir='ltr'>ele-</span> 
     </span>
     <span class='ocr_line' id='line_1_7' title="bbox 229 642 956 683; baseline -0.001 -10"><span class='ocrx_word' id='word_1_34' title='bbox 229 643 323 683; x_wconf 83' lang='lat' dir='ltr'>giam</span> <span class='ocrx_word' id='word_1_35' title='bbox 346 642 487 673; x_wconf 90' lang='lat' dir='ltr'>nonnisi</span> <span class='ocrx_word' id='word_1_36' title='bbox 511 642 634 673; x_wconf 87' lang='lat' dir='ltr'>decem</span> <span class='ocrx_word' id='word_1_37' title='bbox 649 642 742 673; x_wconf 86' lang='lat' dir='ltr'>haud</span> <span class='ocrx_word' id='word_1_38' title='bbox 762 643 814 674; x_wconf 85' lang='lat' dir='ltr'>ita</span> <span class='ocrx_word' id='word_1_39' title='bbox 826 649 956 682; x_wconf 86' lang='lat' dir='ltr'>magna</span> 
     </span>
     <span class='ocr_line' id='line_1_8' title="bbox 231 696 955 738; baseline 0.001 -10"><span class='ocrx_word' id='word_1_40' title='bbox 231 696 391 728; x_wconf 86' lang='lat' dir='ltr'>carmina</span> <span class='ocrx_word' id='word_1_41' title='bbox 402 697 584 730; x_wconf 85' lang='lat' dir='ltr'>contineat</span> <span class='ocrx_word' id='word_1_42' title='bbox 596 707 606 729; x_wconf 89' lang='lat'><strong>:</strong></span> <span class='ocrx_word' id='word_1_43' title='bbox 620 705 700 728; x_wconf 87' lang='lat' dir='ltr'>nam</span> <span class='ocrx_word' id='word_1_44' title='bbox 712 698 860 738; x_wconf 87' lang='lat' dir='ltr'>primum</span> <span class='ocrx_word' id='word_1_45' title='bbox 873 700 955 729; x_wconf 86' lang='lat' dir='ltr'>tan-</span> 
     </span>
     <span class='ocr_line' id='line_1_9' title="bbox 231 752 955 793; baseline 0.001 -10"><span class='ocrx_word' id='word_1_46' title='bbox 231 754 305 783; x_wconf 88' lang='lat' dir='ltr'>tum</span> <span class='ocrx_word' id='word_1_47' title='bbox 327 752 474 793; x_wconf 87' lang='lat' dir='ltr'>librum,</span> <span class='ocrx_word' id='word_1_48' title='bbox 505 761 577 784; x_wconf 87' lang='lat' dir='ltr'>non</span> <span class='ocrx_word' id='word_1_49' title='bbox 602 755 716 784; x_wconf 90' lang='lat' dir='ltr'>totum</span> <span class='ocrx_word' id='word_1_50' title='bbox 748 761 837 793; x_wconf 88' lang='lat' dir='ltr'>opus</span> <span class='ocrx_word' id='word_1_51' title='bbox 872 753 955 784; x_wconf 80' lang='lat' dir='ltr'>Tri-</span> 
     </span>
     <span class='ocr_line' id='line_1_10' title="bbox 229 807 958 850; baseline 0.003 -12"><span class='ocrx_word' id='word_1_52' title='bbox 229 807 359 849; x_wconf 87' lang='lat' dir='ltr'>stium,</span> <span class='ocrx_word' id='word_1_53' title='bbox 382 816 406 839; x_wconf 87' lang='lat' dir='ltr'>a</span> <span class='ocrx_word' id='word_1_54' title='bbox 426 810 537 848; x_wconf 89' lang='lat' dir='ltr'>poeta</span> <span class='ocrx_word' id='word_1_55' title='bbox 558 808 713 849; x_wconf 83' lang='lat' dir='ltr'>intelligi</span> <span class='ocrx_word' id='word_1_56' title='bbox 735 811 836 848; x_wconf 90' lang='lat' dir='ltr'>patet</span> <span class='ocrx_word' id='word_1_57' title='bbox 859 816 904 840; x_wconf 86' lang='lat' dir='ltr'>ex</span> <span class='ocrx_word' id='word_1_58' title='bbox 926 810 958 850; x_wconf 92' lang='lat'>1,</span> 
     </span>
    </p>
   </div>
   <div class='ocr_carea' id='block_1_5' title="bbox 233 859 1015 905">
    <p class='ocr_par' dir='ltr' id='par_1_5' title="bbox 233 859 1015 905">
     <span class='ocr_line' id='line_1_11' title="bbox 233 859 1015 905; baseline 0.001 -12"><span class='ocrx_word' id='word_1_59' title='bbox 233 862 349 904; x_wconf 85' lang='lat'>11,1.</span> <span class='ocrx_word' id='word_1_60' title='bbox 387 862 491 895; x_wconf 80' lang='lat' dir='ltr'>Conf.</span> <span class='ocrx_word' id='word_1_61' title='bbox 515 862 641 905; x_wconf 88' lang='lat'>111,1,</span> <span class='ocrx_word' id='word_1_62' title='bbox 666 862 711 904; x_wconf 87' lang='lat'>1.,</span> <span class='ocrx_word' id='word_1_63' title='bbox 735 863 785 904; x_wconf 87' lang='lat' dir='ltr'>V,</span> <span class='ocrx_word' id='word_1_64' title='bbox 810 862 844 904; x_wconf 83' lang='lat'>1,</span> <span class='ocrx_word' id='word_1_65' title='bbox 868 863 898 894; x_wconf 92' lang='lat'>1.</span> <span class='ocrx_word' id='word_1_66' title='bbox 922 866 958 894; x_wconf 87' lang='lat' dir='ltr'>et</span> <span class='ocrx_word' id='word_1_67' title='bbox 1009 859 1015 867; x_wconf 83' lang='lat'>&#39;</span> 
     </span>
    </p>
   </div>
   <div class='ocr_carea' id='block_1_6' title="bbox 231 918 691 960">
    <p class='ocr_par' dir='ltr' id='par_1_6' title="bbox 231 918 691 960">
     <span class='ocr_line' id='line_1_12' title="bbox 231 918 691 960; baseline 0 -10"><span class='ocrx_word' id='word_1_68' title='bbox 231 918 302 949; x_wconf 87' lang='lat' dir='ltr'>vid.</span> <span class='ocrx_word' id='word_1_69' title='bbox 326 919 471 960; x_wconf 86' lang='lat' dir='ltr'>Proleg.</span> <span class='ocrx_word' id='word_1_70' title='bbox 489 926 571 959; x_wconf 83' lang='lat' dir='ltr'>pag.</span> <span class='ocrx_word' id='word_1_71' title='bbox 595 918 691 950; x_wconf 85' lang='lat'>6—8.</span> 
     </span>
    </p>
   </div>
   <div class='ocr_carea' id='block_1_7' title="bbox 231 993 959 1201">
    <p class='ocr_par' dir='ltr' id='par_1_7' title="bbox 231 993 959 1201">
     <span class='ocr_line' id='line_1_13' title="bbox 276 993 959 1037; baseline 0.001 -12"><span class='ocrx_word' id='word_1_72' title='bbox 276 993 358 1026; x_wconf 82' lang='lat' dir='ltr'>Nec</span> <span class='ocrx_word' id='word_1_73' title='bbox 380 993 539 1027; x_wconf 75' lang='lat' dir='ltr'>invideo.</span> <span class='ocrx_word' id='word_1_74' title='bbox 563 993 775 1037; x_wconf 79' lang='lat' dir='ltr'>Quaeritur,</span> <span class='ocrx_word' id='word_1_75' title='bbox 798 994 879 1035; x_wconf 86' lang='lat' dir='ltr'>quid</span> <span class='ocrx_word' id='word_1_76' title='bbox 890 1003 959 1027; x_wconf 89' lang='lat' dir='ltr'>va-</span> 
     </span>
     <span class='ocr_line' id='line_1_14' title="bbox 231 1050 959 1091; baseline 0 -10"><span class='ocrx_word' id='word_1_77' title='bbox 231 1050 306 1082; x_wconf 89' lang='lat' dir='ltr'>leat</span> <span class='ocrx_word' id='word_1_78' title='bbox 329 1051 361 1081; x_wconf 86' lang='lat' dir='ltr'>h.</span> <span class='ocrx_word' id='word_1_79' title='bbox 384 1050 410 1082; x_wconf 85' lang='lat' dir='ltr'>l.</span> <span class='ocrx_word' id='word_1_80' title='bbox 434 1051 616 1091; x_wconf 83' lang='lat' dir='ltr'>particula</span> <span class='ocrx_word' id='word_1_81' title='bbox 647 1058 716 1081; x_wconf 83' lang='lat' dir='ltr'>nec</span> <span class='ocrx_word' id='word_1_82' title='bbox 724 1071 739 1090; x_wconf 84' lang='lat'>,</span> <span class='ocrx_word' id='word_1_83' title='bbox 775 1052 882 1090; x_wconf 89' lang='lat' dir='ltr'>atque</span> <span class='ocrx_word' id='word_1_84' title='bbox 915 1057 959 1081; x_wconf 89' lang='lat' dir='ltr'>ea</span> 
     </span>
     <span class='ocr_line' id='line_1_15' title="bbox 233 1105 959 1145; baseline 0.003 -10"><span class='ocrx_word' id='word_1_85' title='bbox 233 1105 396 1145; x_wconf 84' lang='lat' dir='ltr'>quaestio</span> <span class='ocrx_word' id='word_1_86' title='bbox 410 1106 567 1144; x_wconf 78' lang='lat' dir='ltr'>pertinet</span> <span class='ocrx_word' id='word_1_87' title='bbox 577 1106 622 1136; x_wconf 91' lang='lat' dir='ltr'>ad</span> <span class='ocrx_word' id='word_1_88' title='bbox 634 1106 765 1137; x_wconf 89' lang='lat' dir='ltr'>multos</span> <span class='ocrx_word' id='word_1_89' title='bbox 777 1106 959 1138; x_wconf 90' lang='lat' dir='ltr'>Ovidiilo-</span> 
     </span>
     <span class='ocr_line' id='line_1_16' title="bbox 233 1159 959 1201; baseline 0 -10"><span class='ocrx_word' id='word_1_90' title='bbox 233 1168 308 1191; x_wconf 90' lang='lat' dir='ltr'>cos.</span> <span class='ocrx_word' id='word_1_91' title='bbox 327 1159 388 1190; x_wconf 87' lang='lat' dir='ltr'>Sic</span> <span class='ocrx_word' id='word_1_92' title='bbox 399 1159 483 1190; x_wconf 85' lang='lat' dir='ltr'>Her.</span> <span class='ocrx_word' id='word_1_93' title='bbox 496 1161 544 1201; x_wconf 88' lang='grc' dir='ltr'>Π,</span> <span class='ocrx_word' id='word_1_94' title='bbox 562 1161 615 1191; x_wconf 87' lang='grc'>79.</span> <span class='ocrx_word' id='word_1_95' title='bbox 630 1161 673 1191; x_wconf 89' lang='lat' dir='ltr'>de</span> <span class='ocrx_word' id='word_1_96' title='bbox 684 1161 846 1192; x_wconf 82' lang='lat' dir='ltr'>Ariadna</span> <span class='ocrx_word' id='word_1_97' title='bbox 855 1160 959 1191; x_wconf 90' lang='lat' dir='ltr'>dicit:</span> 
     </span>
    </p>
   </div>
   <div class='ocr_carea' id='block_1_8' title="bbox 299 1222 961 1295">
    <p class='ocr_par' dir='ltr' id='par_1_8' title="bbox 299 1222 961 1295">
     <span class='ocr_line' id='line_1_17' title="bbox 299 1222 961 1251; baseline 0.002 -2"><span class='ocrx_word' id='word_1_98' title='bbox 299 1222 356 1250; x_wconf 88' lang='lat' dir='ltr'>Illa</span> <span class='ocrx_word' id='word_1_99' title='bbox 373 1237 407 1242; x_wconf 89' lang='lat'>—-</span> <span class='ocrx_word' id='word_1_100' title='bbox 425 1230 481 1249; x_wconf 89' lang='lat' dir='ltr'>nee</span> <span class='ocrx_word' id='word_1_101' title='bbox 498 1223 618 1251; x_wconf 79' lang='lat' dir='ltr'>invideo</span> <span class='ocrx_word' id='word_1_102' title='bbox 641 1239 675 1243; x_wconf 76' lang='lat'>—-</span> <span class='ocrx_word' id='word_1_103' title='bbox 698 1223 808 1251; x_wconf 81' lang='lat' dir='ltr'>fruitur</span> <span class='ocrx_word' id='word_1_104' title='bbox 835 1223 961 1251; x_wconf 82' lang='lat' dir='ltr'>meliore</span> 
     </span>
     <span class='ocr_line' id='line_1_18' title="bbox 630 1268 748 1295; baseline 0 -1"><span class='ocrx_word' id='word_1_105' title='bbox 630 1268 748 1295; x_wconf 88' lang='lat' dir='ltr'>marito.</span> 
     </span>
    </p>
   </div>
   <div class='ocr_carea' id='block_1_9' title="bbox 232 1314 528 1355">
    <p class='ocr_par' dir='ltr' id='par_1_9' title="bbox 232 1314 528 1355">
     <span class='ocr_line' id='line_1_19' title="bbox 232 1314 528 1355; baseline 0.003 -10"><span class='ocrx_word' id='word_1_106' title='bbox 232 1315 336 1345; x_wconf 85' lang='lat' dir='ltr'>Pont.</span> <span class='ocrx_word' id='word_1_107' title='bbox 360 1315 391 1355; x_wconf 89' lang='grc' dir='ltr'>Ι,</span> <span class='ocrx_word' id='word_1_108' title='bbox 415 1315 450 1355; x_wconf 87' lang='grc'>3,</span> <span class='ocrx_word' id='word_1_109' title='bbox 474 1314 528 1346; x_wconf 86' lang='grc'><strong>41.</strong></span> 
     </span>
    </p>
   </div>
   <div class='ocr_carea' id='block_1_10' title="bbox 299 1376 963 1498">
    <p class='ocr_par' dir='ltr' id='par_1_10' title="bbox 299 1376 963 1498">
     <span class='ocr_line' id='line_1_20' title="bbox 299 1376 940 1410; baseline 0.002 -6"><span class='ocrx_word' id='word_1_110' title='bbox 299 1377 451 1405; x_wconf 76' lang='lat' dir='ltr'>Adsuetos</span> <span class='ocrx_word' id='word_1_111' title='bbox 469 1376 547 1404; x_wconf 86' lang='lat' dir='ltr'>tauri</span> <span class='ocrx_word' id='word_1_112' title='bbox 566 1378 672 1410; x_wconf 81' lang='lat' dir='ltr'>saltus,</span> <span class='ocrx_word' id='word_1_113' title='bbox 691 1378 817 1406; x_wconf 86' lang='lat' dir='ltr'>adsueta</span> <span class='ocrx_word' id='word_1_114' title='bbox 836 1379 940 1406; x_wconf 84' lang='lat' dir='ltr'>leones</span> 
     </span>
     <span class='ocr_line' id='line_1_21' title="bbox 334 1420 963 1456; baseline 0 -6"><span class='ocrx_word' id='word_1_115' title='bbox 334 1436 369 1441; x_wconf 88' lang='lat'><em>-</em></span> <span class='ocrx_word' id='word_1_116' title='bbox 384 1421 448 1450; x_wconf 81' lang='lat' dir='ltr'>Nec</span> <span class='ocrx_word' id='word_1_117' title='bbox 465 1420 572 1449; x_wconf 80' lang='lat' dir='ltr'>feritas</span> <span class='ocrx_word' id='word_1_118' title='bbox 595 1420 666 1448; x_wconf 86' lang='lat' dir='ltr'>illos</span> <span class='ocrx_word' id='word_1_119' title='bbox 684 1420 809 1456; x_wconf 86' lang='lat' dir='ltr'>impedit</span> <span class='ocrx_word' id='word_1_120' title='bbox 826 1437 859 1441; x_wconf 89' lang='lat'>—</span> <span class='ocrx_word' id='word_1_121' title='bbox 876 1424 963 1450; x_wconf 82' lang='lat' dir='ltr'>antra</span> 
     </span>
     <span class='ocr_line' id='line_1_22' title="bbox 631 1467 747 1498; baseline 0.017 -7"><span class='ocrx_word' id='word_1_122' title='bbox 631 1467 747 1498; x_wconf 85' lang='lat' dir='ltr'>petunt.</span> 
     </span>
    </p>
   </div>
   <div class='ocr_carea' id='block_1_11' title="bbox 233 1512 567 1555">
    <p class='ocr_par' dir='ltr' id='par_1_11' title="bbox 233 1512 567 1555">
     <span class='ocr_line' id='line_1_23' title="bbox 233 1512 567 1555; baseline 0.003 -12"><span class='ocrx_word' id='word_1_123' title='bbox 233 1513 337 1544; x_wconf 77' lang='lat' dir='ltr'>nont.</span> <span class='ocrx_word' id='word_1_124' title='bbox 362 1512 429 1553; x_wconf 88' lang='lat' dir='ltr'>1v,</span> <span class='ocrx_word' id='word_1_125' title='bbox 453 1513 490 1555; x_wconf 77' lang='lat'>6,</span> <span class='ocrx_word' id='word_1_126' title='bbox 515 1512 567 1544; x_wconf 91' lang='lat'>11.</span> 
     </span>
    </p>
   </div>
   <div class='ocr_carea' id='block_1_12' title="bbox 299 1573 967 1693">
    <p class='ocr_par' dir='ltr' id='par_1_12' title="bbox 299 1573 967 1693">
     <span class='ocr_line' id='line_1_24' title="bbox 300 1573 964 1611; baseline -0.002 -7"><span class='ocrx_word' id='word_1_127' title='bbox 300 1573 422 1604; x_wconf 84' lang='lat' dir='ltr'>Occidis</span> <span class='ocrx_word' id='word_1_128' title='bbox 447 1577 518 1602; x_wconf 82' lang='lat' dir='ltr'>ante</span> <span class='ocrx_word' id='word_1_129' title='bbox 541 1581 664 1610; x_wconf 80' lang='lat' dir='ltr'>preces,</span> <span class='ocrx_word' id='word_1_130' title='bbox 692 1582 871 1611; x_wconf 83' lang='lat' dir='ltr'>causamque</span> <span class='ocrx_word' id='word_1_131' title='bbox 896 1582 964 1611; x_wconf 87' lang='lat' dir='ltr'>ego,</span> 
     </span>
     <span class='ocr_line' id='line_1_25' title="bbox 631 1619 899 1654; baseline 0.007 -8"><span class='ocrx_word' id='word_1_132' title='bbox 631 1619 774 1654; x_wconf 70' lang='lat' dir='ltr'>Maxime,</span> <span class='ocrx_word' id='word_1_133' title='bbox 794 1620 899 1648; x_wconf 86' lang='lat' dir='ltr'>mortis</span> 
     </span>
     <span class='ocr_line' id='line_1_26' title="bbox 299 1663 967 1693; baseline 0.001 -1"><span class='ocrx_word' id='word_1_134' title='bbox 299 1675 307 1683; x_wconf 34' lang='grc' dir='ltr'><strong><em>κ</em></strong></span> <span class='ocrx_word' id='word_1_135' title='bbox 332 1679 367 1685; x_wconf 89' lang='lat'>—-</span> <span class='ocrx_word' id='word_1_136' title='bbox 382 1664 445 1693; x_wconf 78' lang='lat' dir='ltr'>Nec</span> <span class='ocrx_word' id='word_1_137' title='bbox 460 1663 576 1693; x_wconf 77' lang='lat' dir='ltr'>fueram</span> <span class='ocrx_word' id='word_1_138' title='bbox 592 1665 667 1693; x_wconf 84' lang='lat' dir='ltr'>tanti</span> <span class='ocrx_word' id='word_1_139' title='bbox 687 1681 722 1686; x_wconf 92' lang='lat'><strong>—</strong></span> <span class='ocrx_word' id='word_1_140' title='bbox 742 1673 790 1693; x_wconf 81' lang='lat' dir='ltr'>me</span> <span class='ocrx_word' id='word_1_141' title='bbox 811 1672 881 1693; x_wconf 86' lang='lat' dir='ltr'>reor</span> <span class='ocrx_word' id='word_1_142' title='bbox 898 1671 967 1693; x_wconf 80' lang='lat' dir='ltr'>esse</span> 
     </span>
    </p>
   </div>
   <div class='ocr_carea' id='block_1_13' title="bbox 236 1711 715 1788">
    <p class='ocr_par' dir='ltr' id='par_1_13' title="bbox 236 1711 715 1788">
     <span class='ocr_line' id='line_1_27' title="bbox 236 1711 715 1788; baseline -0.006 -9"><span class='ocrx_word' id='word_1_143' title='bbox 236 1748 338 1780; x_wconf 74' lang='lat' dir='ltr'>pont.</span> <span class='ocrx_word' id='word_1_144' title='bbox 362 1747 393 1788; x_wconf 89' lang='lat'>1,</span> <span class='ocrx_word' id='word_1_145' title='bbox 415 1745 452 1786; x_wconf 75' lang='lat' dir='ltr'>e,</span> <span class='ocrx_word' id='word_1_146' title='bbox 476 1744 529 1777; x_wconf 83' lang='lat'>43.</span> <span class='ocrx_word' id='word_1_147' title='bbox 634 1711 715 1737; x_wconf 70' lang='lat'>‘¹¹³⁰&#39;</span> 
     </span>
    </p>
   </div>
   <div class='ocr_carea' id='block_1_14' title="bbox 303 1806 967 1886">
    <p class='ocr_par' dir='ltr' id='par_1_14' title="bbox 303 1806 967 1886">
     <span class='ocr_line' id='line_1_28' title="bbox 303 1806 967 1844; baseline -0.002 -8"><span class='ocrx_word' id='word_1_148' title='bbox 303 1809 385 1842; x_wconf 83' lang='lat' dir='ltr'>Quos</span> <span class='ocrx_word' id='word_1_149' title='bbox 399 1808 524 1842; x_wconf 72' lang='lat' dir='ltr'>(hortos)</span> <span class='ocrx_word' id='word_1_150' title='bbox 542 1806 708 1844; x_wconf 82' lang='lat' dir='ltr'>egonescio</span> <span class='ocrx_word' id='word_1_151' title='bbox 726 1807 773 1835; x_wconf 89' lang='lat' dir='ltr'>cui</span> <span class='ocrx_word' id='word_1_152' title='bbox 784 1808 862 1836; x_wconf 87' lang='lat' dir='ltr'>colui</span> <span class='ocrx_word' id='word_1_153' title='bbox 873 1828 882 1842; x_wconf 88' lang='lat'>,</span> <span class='ocrx_word' id='word_1_154' title='bbox 899 1807 967 1843; x_wconf 89' lang='lat' dir='ltr'>qui-</span> 
     </span>
     <span class='ocr_line' id='line_1_29' title="bbox 632 1850 934 1886; baseline 0 -7"><span class='ocrx_word' id='word_1_155' title='bbox 632 1853 687 1879; x_wconf 91' lang='lat' dir='ltr'>bus</span> <span class='ocrx_word' id='word_1_156' title='bbox 706 1850 772 1885; x_wconf 87' lang='lat' dir='ltr'>ipse</span> <span class='ocrx_word' id='word_1_157' title='bbox 790 1853 934 1886; x_wconf 87' lang='lat' dir='ltr'>solebam,</span> 
     </span>
    </p>
   </div>
   <div class='ocr_carea' id='block_1_15' title="bbox 335 1899 968 1981">
    <p class='ocr_par' dir='ltr' id='par_1_15' title="bbox 335 1899 968 1981">
     <span class='ocr_line' id='line_1_30' title="bbox 335 1899 968 1936; baseline 0.005 -9"><span class='ocrx_word' id='word_1_158' title='bbox 335 1899 382 1927; x_wconf 82' lang='lat' dir='ltr'>Ad</span> <span class='ocrx_word' id='word_1_159' title='bbox 401 1903 467 1929; x_wconf 83' lang='lat' dir='ltr'>sata</span> <span class='ocrx_word' id='word_1_160' title='bbox 485 1900 625 1928; x_wconf 80' lang='lat' dir='ltr'>fontanas</span> <span class='ocrx_word' id='word_1_161' title='bbox 642 1916 677 1920; x_wconf 92' lang='lat'>—</span> <span class='ocrx_word' id='word_1_162' title='bbox 695 1908 751 1928; x_wconf 83' lang='lat' dir='ltr'>nec</span> <span class='ocrx_word' id='word_1_163' title='bbox 761 1902 855 1936; x_wconf 84' lang='lat' dir='ltr'>pudet</span> <span class='ocrx_word' id='word_1_164' title='bbox 867 1918 901 1922; x_wconf 90' lang='lat'><em>-</em></span> <span class='ocrx_word' id='word_1_165' title='bbox 912 1902 968 1930; x_wconf 86' lang='lat' dir='ltr'>ad-</span> 
     </span>
     <span class='ocr_line' id='line_1_31' title="bbox 635 1945 831 1981; baseline 0 -9"><span class='ocrx_word' id='word_1_166' title='bbox 635 1945 708 1973; x_wconf 82' lang='lat' dir='ltr'>dere</span> <span class='ocrx_word' id='word_1_167' title='bbox 727 1953 831 1981; x_wconf 85' lang='lat' dir='ltr'>aquas.</span> 
     </span>
    </p>
   </div>
   <div class='ocr_carea' id='block_1_16' title="bbox 238 2001 970 2701">
    <p class='ocr_par' dir='ltr' id='par_1_16' title="bbox 238 2001 970 2650">
     <span class='ocr_line' id='line_1_32' title="bbox 238 2001 968 2043; baseline 0.001 -8"><span class='ocrx_word' id='word_1_168' title='bbox 238 2004 356 2042; x_wconf 83' lang='lat' dir='ltr'>Atque</span> <span class='ocrx_word' id='word_1_169' title='bbox 381 2001 434 2034; x_wconf 83' lang='lat' dir='ltr'>ita</span> <span class='ocrx_word' id='word_1_170' title='bbox 466 2002 547 2035; x_wconf 88' lang='lat' dir='ltr'>aliis</span> <span class='ocrx_word' id='word_1_171' title='bbox 575 2003 669 2035; x_wconf 88' lang='lat' dir='ltr'>locis</span> <span class='ocrx_word' id='word_1_172' title='bbox 713 2003 968 2043; x_wconf 86' lang='lat' dir='ltr'>compluribus.</span> 
     </span>
     <span class='ocr_line' id='line_1_33' title="bbox 238 2057 968 2099; baseline 0.001 -10"><span class='ocrx_word' id='word_1_173' title='bbox 238 2059 331 2089; x_wconf 79' lang='lat' dir='ltr'>Sunt</span> <span class='ocrx_word' id='word_1_174' title='bbox 355 2058 414 2098; x_wconf 88' lang='lat' dir='ltr'>qui</span> <span class='ocrx_word' id='word_1_175' title='bbox 438 2065 507 2088; x_wconf 81' lang='lat' dir='ltr'>nec</span> <span class='ocrx_word' id='word_1_176' title='bbox 529 2066 596 2098; x_wconf 88' lang='lat' dir='ltr'>pro</span> <span class='ocrx_word' id='word_1_177' title='bbox 620 2057 773 2098; x_wconf 86' lang='lat' dir='ltr'>simplici</span> <span class='ocrx_word' id='word_1_178' title='bbox 801 2066 875 2089; x_wconf 86' lang='lat' dir='ltr'>non</span> <span class='ocrx_word' id='word_1_179' title='bbox 899 2067 968 2099; x_wconf 88' lang='lat' dir='ltr'>po-</span> 
     </span>
     <span class='ocr_line' id='line_1_34' title="bbox 238 2113 967 2155; baseline 0.003 -11"><span class='ocrx_word' id='word_1_180' title='bbox 238 2113 347 2145; x_wconf 86' lang='lat' dir='ltr'>situm</span> <span class='ocrx_word' id='word_1_181' title='bbox 361 2120 442 2144; x_wconf 87' lang='lat' dir='ltr'>esse</span> <span class='ocrx_word' id='word_1_182' title='bbox 464 2115 651 2155; x_wconf 83' lang='lat' dir='ltr'>censeant,</span> <span class='ocrx_word' id='word_1_183' title='bbox 675 2114 769 2153; x_wconf 87' lang='lat' dir='ltr'>quod</span> <span class='ocrx_word' id='word_1_184' title='bbox 791 2115 967 2154; x_wconf 87' lang='lat' dir='ltr'>quomodo</span> 
     </span>
     <span class='ocr_line' id='line_1_35' title="bbox 238 2167 968 2209; baseline 0.001 -9"><span class='ocrx_word' id='word_1_185' title='bbox 238 2168 319 2200; x_wconf 81' lang='lat' dir='ltr'>fieri</span> <span class='ocrx_word' id='word_1_186' title='bbox 350 2168 466 2209; x_wconf 82' lang='lat' dir='ltr'>possit</span> <span class='ocrx_word' id='word_1_187' title='bbox 496 2176 570 2200; x_wconf 88' lang='lat' dir='ltr'>non</span> <span class='ocrx_word' id='word_1_188' title='bbox 599 2167 778 2208; x_wconf 85' lang='lat' dir='ltr'>intelligo.</span> <span class='ocrx_word' id='word_1_189' title='bbox 823 2169 902 2209; x_wconf 84' lang='lat' dir='ltr'>Ego</span> <span class='ocrx_word' id='word_1_190' title='bbox 932 2169 968 2201; x_wconf 86' lang='lat' dir='ltr'>in</span> 
     </span>
     <span class='ocr_line' id='line_1_36' title="bbox 240 2223 968 2256; baseline 0.003 -2"><span class='ocrx_word' id='word_1_191' title='bbox 240 2224 293 2255; x_wconf 89' lang='lat' dir='ltr'>his</span> <span class='ocrx_word' id='word_1_192' title='bbox 317 2226 353 2256; x_wconf 90' lang='lat' dir='ltr'>et</span> <span class='ocrx_word' id='word_1_193' title='bbox 372 2223 546 2255; x_wconf 87' lang='lat' dir='ltr'>similibus</span> <span class='ocrx_word' id='word_1_194' title='bbox 577 2223 671 2255; x_wconf 89' lang='lat' dir='ltr'>locis</span> <span class='ocrx_word' id='word_1_195' title='bbox 706 2223 868 2256; x_wconf 85' lang='lat' dir='ltr'>omnibus</span> <span class='ocrx_word' id='word_1_196' title='bbox 900 2232 968 2256; x_wconf 87' lang='lat' dir='ltr'>nec</span> 
     </span>
     <span class='ocr_line' id='line_1_37' title="bbox 239 2278 967 2320; baseline 0.001 -11"><span class='ocrx_word' id='word_1_197' title='bbox 239 2279 328 2317; x_wconf 83' lang='lat' dir='ltr'>puto</span> <span class='ocrx_word' id='word_1_198' title='bbox 351 2278 424 2310; x_wconf 82' lang='lat' dir='ltr'>vim</span> <span class='ocrx_word' id='word_1_199' title='bbox 448 2280 574 2310; x_wconf 76' lang='lat' dir='ltr'>tenere</span> <span class='ocrx_word' id='word_1_200' title='bbox 604 2278 790 2319; x_wconf 84' lang='lat' dir='ltr'>propriam</span> <span class='ocrx_word' id='word_1_201' title='bbox 823 2278 860 2310; x_wconf 85' lang='lat' dir='ltr'>et</span> <span class='ocrx_word' id='word_1_202' title='bbox 881 2287 967 2320; x_wconf 83' lang='lat' dir='ltr'>non,</span> 
     </span>
     <span class='ocr_line' id='line_1_38' title="bbox 240 2329 970 2374; baseline 0.003 -10"><span class='ocrx_word' id='word_1_203' title='bbox 240 2335 278 2364; x_wconf 88' lang='lat' dir='ltr'>et</span> <span class='ocrx_word' id='word_1_204' title='bbox 301 2334 516 2373; x_wconf 82' lang='lat' dir='ltr'>particulam</span> <span class='ocrx_word' id='word_1_205' title='bbox 542 2329 783 2374; x_wconf 81' lang='lat' dir='ltr'>conjungendi</span> <span class='ocrx_word' id='word_1_206' title='bbox 818 2334 970 2374; x_wconf 83' lang='lat' dir='ltr'>positam</span> 
     </span>
     <span class='ocr_line' id='line_1_39' title="bbox 240 2387 970 2430; baseline 0 -10"><span class='ocrx_word' id='word_1_207' title='bbox 240 2396 337 2430; x_wconf 87' lang='lat' dir='ltr'>esse,</span> <span class='ocrx_word' id='word_1_208' title='bbox 370 2391 409 2420; x_wconf 92' lang='lat' dir='ltr'>ut</span> <span class='ocrx_word' id='word_1_209' title='bbox 442 2388 665 2429; x_wconf 87' lang='lat' dir='ltr'>parenthesis</span> <span class='ocrx_word' id='word_1_210' title='bbox 698 2387 859 2427; x_wconf 88' lang='lat' dir='ltr'>reliquae</span> <span class='ocrx_word' id='word_1_211' title='bbox 883 2397 970 2421; x_wconf 88' lang='lat' dir='ltr'>ora-</span> 
     </span>
     <span class='ocr_line' id='line_1_40' title="bbox 240 2442 970 2485; baseline -0.001 -9"><span class='ocrx_word' id='word_1_212' title='bbox 240 2445 330 2477; x_wconf 90' lang='lat' dir='ltr'>tioni</span> <span class='ocrx_word' id='word_1_213' title='bbox 345 2444 532 2485; x_wconf 86' lang='lat' dir='ltr'>iungatur:</span> <span class='ocrx_word' id='word_1_214' title='bbox 558 2444 733 2485; x_wconf 90' lang='lat' dir='ltr'>quomodo</span> <span class='ocrx_word' id='word_1_215' title='bbox 751 2442 858 2474; x_wconf 83' lang='lat' dir='ltr'>etiam</span> <span class='ocrx_word' id='word_1_216' title='bbox 872 2443 970 2475; x_wconf 77' lang='lat' dir='ltr'>Ger-</span> 
     </span>
     <span class='ocr_line' id='line_1_41' title="bbox 241 2498 969 2533; baseline 0.001 -3"><span class='ocrx_word' id='word_1_217' title='bbox 241 2499 337 2530; x_wconf 82' lang='lat' dir='ltr'>mani</span> <span class='ocrx_word' id='word_1_218' title='bbox 378 2499 538 2531; x_wconf 89' lang='lat' dir='ltr'>dicimus.</span> <span class='ocrx_word' id='word_1_219' title='bbox 589 2499 788 2533; x_wconf 78' lang='lat' dir='ltr'>confirmat</span> <span class='ocrx_word' id='word_1_220' title='bbox 810 2505 889 2529; x_wconf 88' lang='lat' dir='ltr'>eam</span> <span class='ocrx_word' id='word_1_221' title='bbox 911 2498 969 2531; x_wconf 88' lang='lat' dir='ltr'>in·-</span> 
     </span>
     <span class='ocr_line' id='line_1_42' title="bbox 242 2553 969 2598; baseline -0.003 -12"><span class='ocrx_word' id='word_1_222' title='bbox 242 2554 538 2598; x_wconf 82' lang='lat' dir='ltr'>terpretationcm</span> <span class='ocrx_word' id='word_1_223' title='bbox 551 2555 620 2586; x_wconf 86' lang='lat' dir='ltr'>hoc</span> <span class='ocrx_word' id='word_1_224' title='bbox 634 2553 969 2595; x_wconf 84' lang='lat' dir='ltr'>exemplumVirgi-</span> 
     </span>
     <span class='ocr_line' id='line_1_43' title="bbox 242 2609 601 2650; baseline 0 -9"><span class='ocrx_word' id='word_1_225' title='bbox 242 2609 298 2641; x_wconf 89' lang='lat' dir='ltr'>lii:</span> <span class='ocrx_word' id='word_1_226' title='bbox 323 2611 412 2642; x_wconf 83' lang='lat' dir='ltr'>Aen.</span> <span class='ocrx_word' id='word_1_227' title='bbox 437 2611 502 2650; x_wconf 83' lang='lat' dir='ltr'>XI,</span> <span class='ocrx_word' id='word_1_228' title='bbox 526 2609 601 2641; x_wconf 85' lang='grc'><strong>901.</strong></span> 
     </span>
    </p>

    <p class='ocr_par' dir='ltr' id='par_1_17' title="bbox 309 2671 968 2701">
     <span class='ocr_line' id='line_1_44' title="bbox 309 2671 968 2701; baseline 0 -1"><span class='ocrx_word' id='word_1_229' title='bbox 309 2673 365 2701; x_wconf 87' lang='lat' dir='ltr'>Ille</span> <span class='ocrx_word' id='word_1_230' title='bbox 391 2673 494 2701; x_wconf 79' lang='lat' dir='ltr'>furens</span> <span class='ocrx_word' id='word_1_231' title='bbox 517 2688 552 2694; x_wconf 83' lang='lat'>—-</span> <span class='ocrx_word' id='word_1_232' title='bbox 574 2675 605 2700; x_wconf 88' lang='lat' dir='ltr'>et</span> <span class='ocrx_word' id='word_1_233' title='bbox 628 2679 719 2700; x_wconf 84' lang='lat' dir='ltr'>saeva</span> <span class='ocrx_word' id='word_1_234' title='bbox 743 2671 824 2699; x_wconf 83' lang='lat' dir='ltr'>Iovis</span> <span class='ocrx_word' id='word_1_235' title='bbox 849 2671 894 2700; x_wconf 85' lang='lat' dir='ltr'>sic</span> <span class='ocrx_word' id='word_1_236' title='bbox 912 2680 968 2700; x_wconf 92' lang='lat' dir='ltr'>nu-</span> 
     </span>
    </p>
   </div>
   <div class='ocr_carea' id='block_1_17' title="bbox 309 2716 913 2791">
    <p class='ocr_par' dir='ltr' id='par_1_18' title="bbox 309 2716 913 2791">
     <span class='ocr_line' id='line_1_45' title="bbox 637 2716 913 2751; baseline 0.007 -8"><span class='ocrx_word' id='word_1_237' title='bbox 637 2716 718 2744; x_wconf 85' lang='lat' dir='ltr'>mina</span> <span class='ocrx_word' id='word_1_238' title='bbox 735 2720 864 2751; x_wconf 79' lang='lat' dir='ltr'>poscunt</span> <span class='ocrx_word' id='word_1_239' title='bbox 879 2732 913 2737; x_wconf 83' lang='lat'>--</span> 
     </span>
     <span class='ocr_line' id='line_1_46' title="bbox 309 2761 712 2791; baseline -0.007 0"><span class='ocrx_word' id='word_1_240' title='bbox 309 2762 430 2791; x_wconf 86' lang='lat' dir='ltr'>Deserit</span> <span class='ocrx_word' id='word_1_241' title='bbox 447 2762 588 2789; x_wconf 84' lang='lat' dir='ltr'>obsessos</span> <span class='ocrx_word' id='word_1_242' title='bbox 608 2761 712 2789; x_wconf 88' lang='lat' dir='ltr'>colles.</span> 
     </span>
    </p>
   </div>
   <div class='ocr_carea' id='block_1_18' title="bbox 245 2820 968 2862">
    <p class='ocr_par' dir='ltr' id='par_1_19' title="bbox 245 2820 968 2862">
     <span class='ocr_line' id='line_1_47' title="bbox 245 2820 968 2862; baseline -0.003 -9"><span class='ocrx_word' id='word_1_243' title='bbox 245 2823 361 2862; x_wconf 78' lang='lat' dir='ltr'>Atque</span> <span class='ocrx_word' id='word_1_244' title='bbox 401 2821 526 2852; x_wconf 77' lang='lat' dir='ltr'>eodeni</span> <span class='ocrx_word' id='word_1_245' title='bbox 569 2821 675 2852; x_wconf 87' lang='lat' dir='ltr'>modo</span> <span class='ocrx_word' id='word_1_246' title='bbox 711 2820 968 2861; x_wconf 81' lang='lat' dir='ltr'>intelligendae</span> 
     </span>
    </p>
   </div>
   <div class='ocr_carea' id='block_1_19' title="bbox 1021 527 1764 848">
    <p class='ocr_par' dir='ltr' id='par_1_20' title="bbox 1021 527 1764 848">
     <span class='ocr_line' id='line_1_48' title="bbox 1021 527 1751 571; baseline -0.004 -9"><span class='ocrx_word' id='word_1_247' title='bbox 1021 531 1177 562; x_wconf 87' lang='lat' dir='ltr'>voculae</span> <span class='ocrx_word' id='word_1_248' title='bbox 1199 539 1266 562; x_wconf 82' lang='lat' dir='ltr'>nec</span> <span class='ocrx_word' id='word_1_249' title='bbox 1289 533 1326 563; x_wconf 90' lang='lat' dir='ltr'>et</span> <span class='ocrx_word' id='word_1_250' title='bbox 1348 537 1464 571; x_wconf 79' lang='lat' dir='ltr'>neque</span> <span class='ocrx_word' id='word_1_251' title='bbox 1485 527 1521 560; x_wconf 90' lang='lat' dir='ltr'>in</span> <span class='ocrx_word' id='word_1_252' title='bbox 1542 536 1611 559; x_wconf 83' lang='lat' dir='ltr'>nec</span> <span class='ocrx_word' id='word_1_253' title='bbox 1630 529 1667 560; x_wconf 87' lang='lat' dir='ltr'>et</span> <span class='ocrx_word' id='word_1_254' title='bbox 1684 536 1751 560; x_wconf 83' lang='lat' dir='ltr'>ne-</span> 
     </span>
     <span class='ocr_line' id='line_1_49' title="bbox 1021 584 1750 627; baseline 0.001 -11"><span class='ocrx_word' id='word_1_255' title='bbox 1021 594 1090 627; x_wconf 83' lang='lat' dir='ltr'>que</span> <span class='ocrx_word' id='word_1_256' title='bbox 1114 585 1209 618; x_wconf 76' lang='lat' dir='ltr'>enim</span> <span class='ocrx_word' id='word_1_257' title='bbox 1234 586 1314 618; x_wconf 78' lang='lat' dir='ltr'>cum</span> <span class='ocrx_word' id='word_1_258' title='bbox 1346 584 1433 617; x_wconf 85' lang='lat' dir='ltr'>alibi</span> <span class='ocrx_word' id='word_1_259' title='bbox 1467 586 1541 616; x_wconf 88' lang='lat' dir='ltr'>tum</span> <span class='ocrx_word' id='word_1_260' title='bbox 1565 584 1601 615; x_wconf 83' lang='lat' dir='ltr'>in</span> <span class='ocrx_word' id='word_1_261' title='bbox 1626 584 1668 616; x_wconf 88' lang='lat' dir='ltr'>iis</span> <span class='ocrx_word' id='word_1_262' title='bbox 1690 585 1750 617; x_wconf 91' lang='lat' dir='ltr'>lo-</span> 
     </span>
     <span class='ocr_line' id='line_1_50' title="bbox 1022 641 1751 684; baseline -0.004 -10"><span class='ocrx_word' id='word_1_263' title='bbox 1022 642 1096 684; x_wconf 84' lang='lat' dir='ltr'>cis,</span> <span class='ocrx_word' id='word_1_264' title='bbox 1128 642 1187 673; x_wconf 88' lang='lat' dir='ltr'>ubi</span> <span class='ocrx_word' id='word_1_265' title='bbox 1219 641 1444 682; x_wconf 82' lang='lat' dir='ltr'>sententiae,</span> <span class='ocrx_word' id='word_1_266' title='bbox 1479 646 1574 680; x_wconf 86' lang='lat' dir='ltr'>quae</span> <span class='ocrx_word' id='word_1_267' title='bbox 1604 646 1751 671; x_wconf 85' lang='lat' dir='ltr'>causam</span> 
     </span>
     <span class='ocr_line' id='line_1_51' title="bbox 1023 695 1752 740; baseline -0.004 -11"><span class='ocrx_word' id='word_1_268' title='bbox 1023 698 1225 740; x_wconf 78' lang='lat' dir='ltr'>continent,</span> <span class='ocrx_word' id='word_1_269' title='bbox 1240 705 1310 729; x_wconf 93' lang='lat' dir='ltr'>non</span> <span class='ocrx_word' id='word_1_270' title='bbox 1325 697 1536 736; x_wconf 86' lang='lat' dir='ltr'>sequuntur,</span> <span class='ocrx_word' id='word_1_271' title='bbox 1556 695 1620 726; x_wconf 89' lang='lat' dir='ltr'>sed</span> <span class='ocrx_word' id='word_1_272' title='bbox 1636 695 1752 728; x_wconf 86' lang='lat' dir='ltr'>inter—</span> 
     </span>
     <span class='ocr_line' id='line_1_52' title="bbox 1022 750 1764 793; baseline -0.004 -9"><span class='ocrx_word' id='word_1_273' title='bbox 1022 755 1218 793; x_wconf 88' lang='lat' dir='ltr'>ponuntur.</span> <span class='ocrx_word' id='word_1_274' title='bbox 1255 752 1363 785; x_wconf 83' lang='lat' dir='ltr'>Tales</span> <span class='ocrx_word' id='word_1_275' title='bbox 1386 751 1470 782; x_wconf 89' lang='lat' dir='ltr'>sunt</span> <span class='ocrx_word' id='word_1_276' title='bbox 1495 750 1604 782; x_wconf 82' lang='lat' dir='ltr'>Trist.</span> <span class='ocrx_word' id='word_1_277' title='bbox 1627 752 1693 792; x_wconf 87' lang='lat'>111,</span> <span class='ocrx_word' id='word_1_278' title='bbox 1719 750 1764 792; x_wconf 91' lang='lat'>1,-</span> 
     </span>
     <span class='ocr_line' id='line_1_53' title="bbox 1023 806 1611 848; baseline 0.002 -11"><span class='ocrx_word' id='word_1_279' title='bbox 1023 807 1071 847; x_wconf 84' lang='lat'>7.‚</span> <span class='ocrx_word' id='word_1_280' title='bbox 1096 807 1146 847; x_wconf 92' lang='lat' dir='ltr'>V,</span> <span class='ocrx_word' id='word_1_281' title='bbox 1171 806 1208 848; x_wconf 78' lang='lat'>2,</span> <span class='ocrx_word' id='word_1_282' title='bbox 1231 807 1285 839; x_wconf 89' lang='grc'>33.</span> <span class='ocrx_word' id='word_1_283' title='bbox 1325 806 1424 838; x_wconf 84' lang='lat' dir='ltr'>Fast.</span> <span class='ocrx_word' id='word_1_284' title='bbox 1447 806 1513 846; x_wconf 90' lang='lat'>111,</span> <span class='ocrx_word' id='word_1_285' title='bbox 1537 806 1611 838; x_wconf 80' lang='lat'>625.</span> 
     </span>
    </p>
   </div>
   <div class='ocr_carea' id='block_1_20' title="bbox 1091 878 1753 951">
    <p class='ocr_par' dir='ltr' id='par_1_21' title="bbox 1091 878 1753 951">
     <span class='ocr_line' id='line_1_54' title="bbox 1091 878 1753 915; baseline 0.002 -8"><span class='ocrx_word' id='word_1_286' title='bbox 1091 879 1175 907; x_wconf 89' lang='lat' dir='ltr'>Talia</span> <span class='ocrx_word' id='word_1_287' title='bbox 1193 878 1305 907; x_wconf 84' lang='lat' dir='ltr'>dicenti</span> <span class='ocrx_word' id='word_1_288' title='bbox 1318 893 1352 898; x_wconf 84' lang='lat'>-—</span> <span class='ocrx_word' id='word_1_289' title='bbox 1363 886 1462 914; x_wconf 84' lang='lat' dir='ltr'>neque</span> <span class='ocrx_word' id='word_1_290' title='bbox 1476 880 1555 907; x_wconf 88' lang='lat' dir='ltr'>enim</span> <span class='ocrx_word' id='word_1_291' title='bbox 1573 887 1642 915; x_wconf 85' lang='lat' dir='ltr'>spes</span> <span class='ocrx_word' id='word_1_292' title='bbox 1657 881 1753 908; x_wconf 83' lang='lat' dir='ltr'>altera</span> 
     </span>
     <span class='ocr_line' id='line_1_55' title="bbox 1421 925 1570 951; baseline 0.013 -1"><span class='ocrx_word' id='word_1_293' title='bbox 1421 925 1520 951; x_wconf 84' lang='lat' dir='ltr'>restat</span> <span class='ocrx_word' id='word_1_294' title='bbox 1535 939 1570 944; x_wconf 89' lang='lat'>—-</span> 
     </span>
    </p>
   </div>
   <div class='ocr_carea' id='block_1_21' title="bbox 1124 976 1731 1013">
    <p class='ocr_par' dir='ltr' id='par_1_22' title="bbox 1124 976 1731 1013">
     <span class='ocr_line' id='line_1_56' title="bbox 1124 976 1731 1013; baseline -0.002 -8"><span class='ocrx_word' id='word_1_295' title='bbox 1124 977 1277 1011; x_wconf 79' lang='lat' dir='ltr'>Credidit,</span> <span class='ocrx_word' id='word_1_296' title='bbox 1297 985 1416 1006; x_wconf 87' lang='lat' dir='ltr'>errores</span> <span class='ocrx_word' id='word_1_297' title='bbox 1435 976 1633 1013; x_wconf 83' lang='lat' dir='ltr'>exposuitque</span> <span class='ocrx_word' id='word_1_298' title='bbox 1648 984 1731 1005; x_wconf 84' lang='lat' dir='ltr'>suos.</span> 
     </span>
    </p>
   </div>
   <div class='ocr_carea' id='block_1_22' title="bbox 1025 1037 1756 1192">
    <p class='ocr_par' dir='ltr' id='par_1_23' title="bbox 1025 1037 1756 1192">
     <span class='ocr_line' id='line_1_57' title="bbox 1075 1037 1755 1084; baseline 0.001 -11"><span class='ocrx_word' id='word_1_299' title='bbox 1075 1040 1120 1073; x_wconf 87' lang='lat' dir='ltr'>In</span> <span class='ocrx_word' id='word_1_300' title='bbox 1162 1040 1308 1072; x_wconf 80' lang='lat' dir='ltr'>Urbem.</span> <span class='ocrx_word' id='word_1_301' title='bbox 1358 1037 1484 1081; x_wconf 83' lang='lat' dir='ltr'>Quint.</span> <span class='ocrx_word' id='word_1_302' title='bbox 1516 1042 1623 1084; x_wconf 83' lang='lat' dir='ltr'>VIII,</span> <span class='ocrx_word' id='word_1_303' title='bbox 1654 1042 1692 1084; x_wconf 78' lang='lat'>2,</span> <span class='ocrx_word' id='word_1_304' title='bbox 1723 1043 1755 1074; x_wconf 84' lang='lat'>8.</span> 
     </span>
     <span class='ocr_line' id='line_1_58' title="bbox 1030 1094 1756 1136; baseline -0.001 -9"><span class='ocrx_word' id='word_1_305' title='bbox 1030 1096 1135 1135; x_wconf 78' lang='lat' dir='ltr'>Quod</span> <span class='ocrx_word' id='word_1_306' title='bbox 1157 1103 1349 1127; x_wconf 75' lang='lat' dir='ltr'>commune</span> <span class='ocrx_word' id='word_1_307' title='bbox 1372 1096 1430 1127; x_wconf 81' lang='lat' dir='ltr'>est</span> <span class='ocrx_word' id='word_1_308' title='bbox 1453 1095 1489 1127; x_wconf 78' lang='lat' dir='ltr'>et</span> <span class='ocrx_word' id='word_1_309' title='bbox 1511 1094 1599 1128; x_wconf 79' lang='lat' dir='ltr'>aliis</span> <span class='ocrx_word' id='word_1_310' title='bbox 1611 1104 1756 1136; x_wconf 78' lang='lat' dir='ltr'>nomen,</span> 
     </span>
     <span class='ocr_line' id='line_1_59' title="bbox 1025 1149 1756 1192; baseline 0.001 -10"><span class='ocrx_word' id='word_1_311' title='bbox 1025 1150 1221 1182; x_wconf 67' lang='lat' dir='ltr'>intellectu</span> <span class='ocrx_word' id='word_1_312' title='bbox 1253 1149 1371 1182; x_wconf 75' lang='lat' dir='ltr'>alicui</span> <span class='ocrx_word' id='word_1_313' title='bbox 1412 1149 1470 1182; x_wconf 88' lang='lat' dir='ltr'>rei</span> <span class='ocrx_word' id='word_1_314' title='bbox 1511 1150 1756 1192; x_wconf 76' lang='lat' dir='ltr'>peculialiter</span> 
     </span>
    </p>
   </div>
   <div class='ocr_carea' id='block_1_23' title="bbox 984 1205 1756 1246">
    <p class='ocr_par' dir='ltr' id='par_1_24' title="bbox 984 1205 1756 1246">
     <span class='ocr_line' id='line_1_60' title="bbox 984 1205 1756 1246; baseline 0 -9"><span class='ocrx_word' id='word_1_315' title='bbox 984 1215 989 1217; x_wconf 64' lang='grc'><em>’</em></span> <span class='ocrx_word' id='word_1_316' title='bbox 1029 1205 1222 1246; x_wconf 78' lang='lat' dir='ltr'>tribuitur,</span> <span class='ocrx_word' id='word_1_317' title='bbox 1246 1206 1288 1236; x_wconf 81' lang='lat' dir='ltr'>ut</span> <span class='ocrx_word' id='word_1_318' title='bbox 1317 1205 1349 1237; x_wconf 88' lang='lat' dir='ltr'><strong><em>U</em></strong></span> <span class='ocrx_word' id='word_1_319' title='bbox 1358 1205 1411 1237; x_wconf 87' lang='lat' dir='ltr'>rb</span> <span class='ocrx_word' id='word_1_320' title='bbox 1423 1214 1487 1237; x_wconf 83' lang='lat' dir='ltr'>em</span> <span class='ocrx_word' id='word_1_321' title='bbox 1512 1206 1673 1238; x_wconf 81' lang='lat' dir='ltr'>Romam</span> <span class='ocrx_word' id='word_1_322' title='bbox 1687 1213 1756 1237; x_wconf 85' lang='lat' dir='ltr'>ac-</span> 
     </span>
    </p>
   </div>
   <div class='ocr_carea' id='block_1_24' title="bbox 1027 1258 1757 1358">
    <p class='ocr_par' dir='ltr' id='par_1_25' title="bbox 1027 1258 1757 1358">
     <span class='ocr_line' id='line_1_61' title="bbox 1027 1258 1757 1301; baseline 0 -9"><span class='ocrx_word' id='word_1_323' title='bbox 1027 1260 1196 1301; x_wconf 76' lang='lat' dir='ltr'>cipimus.</span> <span class='ocrx_word' id='word_1_324' title='bbox 1243 1258 1345 1301; x_wconf 82' lang='lat' dir='ltr'>Quae</span> <span class='ocrx_word' id='word_1_325' title='bbox 1369 1261 1511 1293; x_wconf 90' lang='lat' dir='ltr'>dicendi</span> <span class='ocrx_word' id='word_1_326' title='bbox 1534 1261 1757 1293; x_wconf 85' lang='lat' dir='ltr'>consuetudo</span> 
     </span>
     <span class='ocr_line' id='line_1_62' title="bbox 1029 1316 1757 1358; baseline -0.001 -10"><span class='ocrx_word' id='word_1_327' title='bbox 1029 1318 1122 1348; x_wconf 91' lang='lat' dir='ltr'>unde</span> <span class='ocrx_word' id='word_1_328' title='bbox 1146 1316 1321 1357; x_wconf 86' lang='lat' dir='ltr'>originem</span> <span class='ocrx_word' id='word_1_329' title='bbox 1355 1317 1502 1358; x_wconf 86' lang='lat' dir='ltr'>habeat,</span> <span class='ocrx_word' id='word_1_330' title='bbox 1533 1324 1757 1357; x_wconf 88' lang='lat' dir='ltr'>supervaca-</span> 
     </span>
    </p>
   </div>
   <div class='ocr_carea' id='block_1_25' title="bbox 1029 1370 1829 1412">
    <p class='ocr_par' dir='ltr' id='par_1_26' title="bbox 1029 1370 1829 1412">
     <span class='ocr_line' id='line_1_63' title="bbox 1029 1370 1829 1412; baseline -0.004 -7"><span class='ocrx_word' id='word_1_331' title='bbox 1029 1381 1134 1405; x_wconf 87' lang='lat' dir='ltr'>neum</span> <span class='ocrx_word' id='word_1_332' title='bbox 1145 1376 1201 1405; x_wconf 88' lang='lat' dir='ltr'>est</span> <span class='ocrx_word' id='word_1_333' title='bbox 1212 1372 1356 1403; x_wconf 89' lang='lat' dir='ltr'>docere.</span> <span class='ocrx_word' id='word_1_334' title='bbox 1378 1372 1457 1403; x_wconf 86' lang='lat' dir='ltr'>Put.</span> <span class='ocrx_word' id='word_1_335' title='bbox 1469 1378 1585 1412; x_wconf 82' lang='lat' dir='ltr'>neque</span> <span class='ocrx_word' id='word_1_336' title='bbox 1601 1370 1758 1403; x_wconf 81' lang='lat' dir='ltr'>invideo.</span> <span class='ocrx_word' id='word_1_337' title='bbox 1823 1391 1829 1395; x_wconf 87' lang='lat'>.</span> 
     </span>
    </p>
   </div>
   <div class='ocr_carea' id='block_1_26' title="bbox 1031 1447 1764 1931">
    <p class='ocr_par' dir='ltr' id='par_1_27' title="bbox 1031 1447 1764 1931">
     <span class='ocr_line' id='line_1_64' title="bbox 1074 1447 1758 1491; baseline -0.003 -8"><span class='ocrx_word' id='word_1_338' title='bbox 1074 1452 1106 1483; x_wconf 80' lang='lat'>2.</span> <span class='ocrx_word' id='word_1_339' title='bbox 1131 1448 1202 1481; x_wconf 84' lang='lat' dir='ltr'>Hei</span> <span class='ocrx_word' id='word_1_340' title='bbox 1232 1447 1332 1490; x_wconf 81' lang='lat' dir='ltr'>mihi,</span> <span class='ocrx_word' id='word_1_341' title='bbox 1369 1449 1480 1490; x_wconf 77' lang='lat' dir='ltr'>quod.</span> <span class='ocrx_word' id='word_1_342' title='bbox 1515 1450 1640 1491; x_wconf 82' lang='lat' dir='ltr'>Vulgo</span> <span class='ocrx_word' id='word_1_343' title='bbox 1674 1457 1758 1491; x_wconf 77' lang='lat' dir='ltr'>quo,</span> 
     </span>
     <span class='ocr_line' id='line_1_65' title="bbox 1031 1505 1761 1548; baseline 0.001 -11"><span class='ocrx_word' id='word_1_344' title='bbox 1031 1514 1101 1548; x_wconf 89' lang='lat' dir='ltr'>qua</span> <span class='ocrx_word' id='word_1_345' title='bbox 1133 1505 1354 1537; x_wconf 85' lang='lat' dir='ltr'>auctoritate</span> <span class='ocrx_word' id='word_1_346' title='bbox 1387 1505 1550 1536; x_wconf 88' lang='lat' dir='ltr'>codicum</span> <span class='ocrx_word' id='word_1_347' title='bbox 1583 1505 1761 1548; x_wconf 86' lang='lat' dir='ltr'>nescitur,</span> 
     </span>
     <span class='ocr_line' id='line_1_66' title="bbox 1031 1559 1761 1603; baseline 0.004 -12"><span class='ocrx_word' id='word_1_348' title='bbox 1031 1559 1101 1591; x_wconf 88' lang='lat' dir='ltr'>nisi</span> <span class='ocrx_word' id='word_1_349' title='bbox 1122 1559 1217 1600; x_wconf 87' lang='lat' dir='ltr'>quod</span> <span class='ocrx_word' id='word_1_350' title='bbox 1240 1560 1294 1591; x_wconf 92' lang='lat' dir='ltr'>sic</span> <span class='ocrx_word' id='word_1_351' title='bbox 1317 1559 1450 1591; x_wconf 89' lang='lat' dir='ltr'>habent</span> <span class='ocrx_word' id='word_1_352' title='bbox 1473 1560 1609 1603; x_wconf 84' lang='lat' dir='ltr'>Guelf.,</span> <span class='ocrx_word' id='word_1_353' title='bbox 1633 1570 1702 1602; x_wconf 91' lang='lat' dir='ltr'>pro</span> <span class='ocrx_word' id='word_1_354' title='bbox 1724 1571 1761 1594; x_wconf 81' lang='lat' dir='ltr'>v.</span> 
     </span>
     <span class='ocr_line' id='line_1_67' title="bbox 1032 1605 1759 1657; baseline 0.004 -11"><span class='ocrx_word' id='word_1_355' title='bbox 1032 1623 1060 1646; x_wconf 92' lang='lat' dir='ltr'>s.</span> <span class='ocrx_word' id='word_1_356' title='bbox 1084 1615 1200 1657; x_wconf 86' lang='lat' dir='ltr'>Leid.,</span> <span class='ocrx_word' id='word_1_357' title='bbox 1222 1617 1334 1657; x_wconf 63' lang='lat' dir='ltr'>Mor„</span> <span class='ocrx_word' id='word_1_358' title='bbox 1357 1605 1464 1647; x_wconf 84' lang='lat' dir='ltr'>Bern.</span> <span class='ocrx_word' id='word_1_359' title='bbox 1490 1617 1527 1647; x_wconf 81' lang='lat' dir='ltr'>et</span> <span class='ocrx_word' id='word_1_360' title='bbox 1543 1616 1598 1647; x_wconf 89' lang='lat' dir='ltr'>ed.</span> <span class='ocrx_word' id='word_1_361' title='bbox 1622 1616 1759 1649; x_wconf 88' lang='lat' dir='ltr'>Bonon.</span> 
     </span>
     <span class='ocr_line' id='line_1_68' title="bbox 1034 1670 1762 1713; baseline 0 -11"><span class='ocrx_word' id='word_1_362' title='bbox 1034 1670 1234 1712; x_wconf 69' lang='lat' dir='ltr'>—Franc.,</span> <span class='ocrx_word' id='word_1_363' title='bbox 1257 1671 1352 1713; x_wconf 90' lang='lat' dir='ltr'>Put.,</span> <span class='ocrx_word' id='word_1_364' title='bbox 1373 1671 1419 1702; x_wconf 87' lang='lat' dir='ltr'>fr.</span> <span class='ocrx_word' id='word_1_365' title='bbox 1442 1671 1549 1712; x_wconf 67' lang='lat' dir='ltr'>Rev„</span> <span class='ocrx_word' id='word_1_366' title='bbox 1570 1671 1676 1702; x_wconf 79' lang='lat' dir='ltr'>floril.</span> <span class='ocrx_word' id='word_1_367' title='bbox 1691 1672 1762 1703; x_wconf 91' lang='lat' dir='ltr'>Be-</span> 
     </span>
     <span class='ocr_line' id='line_1_69' title="bbox 1034 1723 1762 1768; baseline 0.004 -12"><span class='ocrx_word' id='word_1_368' title='bbox 1034 1724 1119 1766; x_wconf 88' lang='lat' dir='ltr'>rol.,</span> <span class='ocrx_word' id='word_1_369' title='bbox 1130 1725 1254 1767; x_wconf 67' lang='lat' dir='ltr'>Goth„</span> <span class='ocrx_word' id='word_1_370' title='bbox 1264 1723 1478 1767; x_wconf 79' lang='lat' dir='ltr'>„plurimi“</span> <span class='ocrx_word' id='word_1_371' title='bbox 1493 1726 1644 1768; x_wconf 80' lang='lat' dir='ltr'>Heinsii,</span> <span class='ocrx_word' id='word_1_372' title='bbox 1670 1736 1762 1768; x_wconf 88' lang='lat' dir='ltr'>quo-</span> 
     </span>
     <span class='ocr_line' id='line_1_70' title="bbox 1034 1781 1764 1825; baseline 0.004 -14"><span class='ocrx_word' id='word_1_373' title='bbox 1034 1787 1113 1812; x_wconf 89' lang='lat' dir='ltr'>rum</span> <span class='ocrx_word' id='word_1_374' title='bbox 1125 1781 1161 1812; x_wconf 87' lang='lat' dir='ltr'>in</span> <span class='ocrx_word' id='word_1_375' title='bbox 1173 1781 1316 1813; x_wconf 78' lang='lat' dir='ltr'>schedis</span> <span class='ocrx_word' id='word_1_376' title='bbox 1328 1781 1403 1814; x_wconf 84' lang='lat' dir='ltr'>suis</span> <span class='ocrx_word' id='word_1_377' title='bbox 1414 1783 1448 1814; x_wconf 82' lang='grc' dir='ltr'>Χ</span> <span class='ocrx_word' id='word_1_378' title='bbox 1465 1781 1639 1825; x_wconf 82' lang='lat' dir='ltr'>nominat,</span> <span class='ocrx_word' id='word_1_379' title='bbox 1649 1783 1764 1825; x_wconf 88' lang='lat' dir='ltr'>Busl.,</span> 
     </span>
     <span class='ocr_line' id='line_1_71' title="bbox 1036 1836 1762 1879; baseline 0.003 -12"><span class='ocrx_word' id='word_1_380' title='bbox 1036 1836 1172 1878; x_wconf 88' lang='lat' dir='ltr'>Berol.,</span> <span class='ocrx_word' id='word_1_381' title='bbox 1196 1837 1304 1870; x_wconf 87' lang='lat' dir='ltr'>Crev.</span> <span class='ocrx_word' id='word_1_382' title='bbox 1315 1859 1330 1879; x_wconf 90' lang='lat'>,</span> <span class='ocrx_word' id='word_1_383' title='bbox 1352 1837 1432 1878; x_wconf 63' lang='lat' dir='ltr'>Rel.</span> <span class='ocrx_word' id='word_1_384' title='bbox 1444 1858 1458 1879; x_wconf 92' lang='lat'>‚</span> <span class='ocrx_word' id='word_1_385' title='bbox 1481 1837 1606 1878; x_wconf 63' lang='lat' dir='ltr'>sega„</span> <span class='ocrx_word' id='word_1_386' title='bbox 1633 1838 1762 1869; x_wconf 89' lang='lat' dir='ltr'>Dresd.</span> 
     </span>
     <span class='ocr_line' id='line_1_72' title="bbox 1036 1892 1763 1931; baseline 0.001 -9"><span class='ocrx_word' id='word_1_387' title='bbox 1036 1893 1073 1922; x_wconf 86' lang='lat' dir='ltr'>et</span> <span class='ocrx_word' id='word_1_388' title='bbox 1095 1894 1247 1931; x_wconf 88' lang='lat' dir='ltr'>praeter</span> <span class='ocrx_word' id='word_1_389' title='bbox 1267 1893 1404 1924; x_wconf 91' lang='lat' dir='ltr'>Bonon.</span> <span class='ocrx_word' id='word_1_390' title='bbox 1427 1893 1573 1924; x_wconf 85' lang='lat' dir='ltr'>veteres</span> <span class='ocrx_word' id='word_1_391' title='bbox 1589 1892 1668 1924; x_wconf 87' lang='lat' dir='ltr'>edd.</span> <span class='ocrx_word' id='word_1_392' title='bbox 1684 1900 1763 1923; x_wconf 89' lang='lat' dir='ltr'>om-</span> 
     </span>
    </p>
   </div>
   <div class='ocr_carea' id='block_1_27' title="bbox 984 1946 1763 1988">
    <p class='ocr_par' dir='ltr' id='par_1_28' title="bbox 984 1946 1763 1988">
     <span class='ocr_line' id='line_1_73' title="bbox 984 1946 1763 1988; baseline 0.004 -13"><span class='ocrx_word' id='word_1_393' title='bbox 984 1963 987 1965; x_wconf 84' lang='lat'>·</span> <span class='ocrx_word' id='word_1_394' title='bbox 1036 1952 1100 1976; x_wconf 88' lang='lat' dir='ltr'>nes</span> <span class='ocrx_word' id='word_1_395' title='bbox 1134 1946 1234 1985; x_wconf 80' lang='lat' dir='ltr'>quod</span> <span class='ocrx_word' id='word_1_396' title='bbox 1265 1947 1426 1988; x_wconf 81' lang='lat' dir='ltr'>domino,</span> <span class='ocrx_word' id='word_1_397' title='bbox 1458 1948 1499 1980; x_wconf 88' lang='lat' dir='ltr'>ut</span> <span class='ocrx_word' id='word_1_398' title='bbox 1520 1948 1620 1979; x_wconf 84' lang='lat' dir='ltr'>totus</span> <span class='ocrx_word' id='word_1_399' title='bbox 1642 1947 1763 1979; x_wconf 88' lang='lat' dir='ltr'>versi-</span> 
     </span>
    </p>
   </div>
   <div class='ocr_carea' id='block_1_28' title="bbox 1033 2000 1765 2487">
    <p class='ocr_par' dir='ltr' id='par_1_29' title="bbox 1033 2000 1765 2487">
     <span class='ocr_line' id='line_1_74' title="bbox 1036 2000 1765 2044; baseline 0.004 -13"><span class='ocrx_word' id='word_1_400' title='bbox 1036 2000 1139 2031; x_wconf 85' lang='lat' dir='ltr'>culus</span> <span class='ocrx_word' id='word_1_401' title='bbox 1155 2001 1371 2035; x_wconf 85' lang='lat' dir='ltr'>exclamatio</span> <span class='ocrx_word' id='word_1_402' title='bbox 1387 2003 1449 2044; x_wconf 87' lang='lat' dir='ltr'>sit,</span> <span class='ocrx_word' id='word_1_403' title='bbox 1472 2003 1519 2034; x_wconf 82' lang='lat' dir='ltr'>ad</span> <span class='ocrx_word' id='word_1_404' title='bbox 1539 2010 1643 2043; x_wconf 91' lang='lat' dir='ltr'>quam</span> <span class='ocrx_word' id='word_1_405' title='bbox 1653 2005 1765 2042; x_wconf 83' lang='lat' dir='ltr'>poeta</span> 
     </span>
     <span class='ocr_line' id='line_1_75' title="bbox 1035 2051 1764 2090; baseline 0.003 -4"><span class='ocrx_word' id='word_1_406' title='bbox 1035 2056 1208 2087; x_wconf 83' lang='lat' dir='ltr'>memoria</span> <span class='ocrx_word' id='word_1_407' title='bbox 1238 2056 1375 2089; x_wconf 79' lang='lat' dir='ltr'>Romae</span> <span class='ocrx_word' id='word_1_408' title='bbox 1408 2051 1446 2090; x_wconf 81' lang='lat' dir='ltr'>et</span> <span class='ocrx_word' id='word_1_409' title='bbox 1476 2057 1599 2089; x_wconf 87' lang='lat' dir='ltr'>verbis</span> <span class='ocrx_word' id='word_1_410' title='bbox 1628 2057 1701 2089; x_wconf 87' lang='lat' dir='ltr'>illis</span> <span class='ocrx_word' id='word_1_411' title='bbox 1723 2056 1764 2088; x_wconf 78' lang='lat' dir='ltr'>in</span> 
     </span>
     <span class='ocr_line' id='line_1_76' title="bbox 1042 2110 1764 2153; baseline 0.004 -12"><span class='ocrx_word' id='word_1_412' title='bbox 1042 2110 1176 2142; x_wconf 76' lang='lat' dir='ltr'>Urbem</span> <span class='ocrx_word' id='word_1_413' title='bbox 1188 2111 1382 2153; x_wconf 85' lang='lat' dir='ltr'>excitetur,</span> <span class='ocrx_word' id='word_1_414' title='bbox 1407 2113 1443 2143; x_wconf 82' lang='lat' dir='ltr'>et</span> <span class='ocrx_word' id='word_1_415' title='bbox 1461 2112 1574 2144; x_wconf 89' lang='lat' dir='ltr'>omnis</span> <span class='ocrx_word' id='word_1_416' title='bbox 1588 2112 1644 2143; x_wconf 84' lang='lat' dir='ltr'>vis</span> <span class='ocrx_word' id='word_1_417' title='bbox 1659 2112 1706 2144; x_wconf 87' lang='lat' dir='ltr'>sit</span> <span class='ocrx_word' id='word_1_418' title='bbox 1726 2112 1764 2144; x_wconf 86' lang='lat' dir='ltr'>in</span> 
     </span>
     <span class='ocr_line' id='line_1_77' title="bbox 1033 2165 1763 2209; baseline 0.004 -12"><span class='ocrx_word' id='word_1_419' title='bbox 1033 2167 1148 2198; x_wconf 86' lang='lat' dir='ltr'>verbo</span> <span class='ocrx_word' id='word_1_420' title='bbox 1171 2165 1240 2208; x_wconf 81' lang='lat' dir='ltr'>ire,</span> <span class='ocrx_word' id='word_1_421' title='bbox 1263 2167 1368 2208; x_wconf 86' lang='lat' dir='ltr'>idque</span> <span class='ocrx_word' id='word_1_422' title='bbox 1401 2175 1522 2199; x_wconf 85' lang='lat' dir='ltr'>casum</span> <span class='ocrx_word' id='word_1_423' title='bbox 1555 2167 1631 2200; x_wconf 89' lang='lat' dir='ltr'>loci</span> <span class='ocrx_word' id='word_1_424' title='bbox 1651 2176 1763 2209; x_wconf 88' lang='lat' dir='ltr'>repe-</span> 
     </span>
     <span class='ocr_line' id='line_1_78' title="bbox 1034 2222 1765 2264; baseline 0.004 -11"><span class='ocrx_word' id='word_1_425' title='bbox 1034 2224 1088 2253; x_wconf 85' lang='lat' dir='ltr'>tat</span> <span class='ocrx_word' id='word_1_426' title='bbox 1106 2229 1126 2253; x_wconf 91' lang='lat' dir='ltr'>e</span> <span class='ocrx_word' id='word_1_427' title='bbox 1139 2230 1250 2254; x_wconf 89' lang='lat' dir='ltr'>versu</span> <span class='ocrx_word' id='word_1_428' title='bbox 1261 2223 1400 2264; x_wconf 90' lang='lat' dir='ltr'>primo:</span> <span class='ocrx_word' id='word_1_429' title='bbox 1423 2223 1466 2255; x_wconf 80' lang='lat' dir='ltr'>tu</span> <span class='ocrx_word' id='word_1_430' title='bbox 1486 2222 1566 2255; x_wconf 78' lang='lat' dir='ltr'>sine</span> <span class='ocrx_word' id='word_1_431' title='bbox 1587 2231 1645 2255; x_wconf 86' lang='lat' dir='ltr'>me</span> <span class='ocrx_word' id='word_1_432' title='bbox 1666 2223 1765 2256; x_wconf 77' lang='lat' dir='ltr'>ibis</span> 
     </span>
     <span class='ocr_line' id='line_1_79' title="bbox 1033 2276 1763 2320; baseline 0.007 -12"><span class='ocrx_word' id='word_1_433' title='bbox 1033 2276 1079 2308; x_wconf 87' lang='lat' dir='ltr'>in</span> <span class='ocrx_word' id='word_1_434' title='bbox 1111 2277 1303 2309; x_wconf 81' lang='lat' dir='ltr'>Urbem:</span> <span class='ocrx_word' id='word_1_435' title='bbox 1348 2277 1406 2310; x_wconf 77' lang='lat' dir='ltr'>hei</span> <span class='ocrx_word' id='word_1_436' title='bbox 1427 2277 1539 2320; x_wconf 78' lang='lat' dir='ltr'>mihi,</span> <span class='ocrx_word' id='word_1_437' title='bbox 1569 2280 1671 2320; x_wconf 79' lang='lat' dir='ltr'>qnod</span> <span class='ocrx_word' id='word_1_438' title='bbox 1693 2281 1763 2313; x_wconf 82' lang='lat' dir='ltr'>do-</span> 
     </span>
     <span class='ocr_line' id='line_1_80' title="bbox 1037 2331 1764 2375; baseline 0.004 -11"><span class='ocrx_word' id='word_1_439' title='bbox 1037 2331 1138 2364; x_wconf 85' lang='lat' dir='ltr'>mino</span> <span class='ocrx_word' id='word_1_440' title='bbox 1163 2333 1227 2365; x_wconf 78' lang='lat' dir='ltr'>tuo</span> <span class='ocrx_word' id='word_1_441' title='bbox 1260 2331 1340 2364; x_wconf 82' lang='lat' dir='ltr'>ire</span> <span class='ocrx_word' id='word_1_442' title='bbox 1371 2341 1445 2365; x_wconf 82' lang='lat' dir='ltr'>non</span> <span class='ocrx_word' id='word_1_443' title='bbox 1482 2332 1595 2365; x_wconf 83' lang='lat' dir='ltr'>licet!</span> <span class='ocrx_word' id='word_1_444' title='bbox 1637 2335 1764 2375; x_wconf 84' lang='lat' dir='ltr'>Neque</span> 
     </span>
     <span class='ocr_line' id='line_1_81' title="bbox 1037 2388 1764 2430; baseline 0 -10"><span class='ocrx_word' id='word_1_445' title='bbox 1037 2389 1211 2421; x_wconf 85' lang='lat' dir='ltr'>abhorret</span> <span class='ocrx_word' id='word_1_446' title='bbox 1249 2397 1294 2420; x_wconf 85' lang='lat' dir='ltr'>ea</span> <span class='ocrx_word' id='word_1_447' title='bbox 1316 2388 1435 2421; x_wconf 84' lang='lat' dir='ltr'>oratio</span> <span class='ocrx_word' id='word_1_448' title='bbox 1468 2390 1513 2421; x_wconf 87' lang='lat' dir='ltr'>ab</span> <span class='ocrx_word' id='word_1_449' title='bbox 1554 2397 1622 2422; x_wconf 85' lang='lat' dir='ltr'>usu</span> <span class='ocrx_word' id='word_1_450' title='bbox 1655 2391 1764 2430; x_wconf 85' lang='lat' dir='ltr'>atque</span> 
     </span>
     <span class='ocr_line' id='line_1_82' title="bbox 1039 2444 1762 2487; baseline -0.001 -11"><span class='ocrx_word' id='word_1_451' title='bbox 1039 2444 1297 2476; x_wconf 88' lang='lat' dir='ltr'>consuetudine</span> <span class='ocrx_word' id='word_1_452' title='bbox 1316 2445 1482 2477; x_wconf 87' lang='lat' dir='ltr'>Nasonis.</span> <span class='ocrx_word' id='word_1_453' title='bbox 1501 2446 1609 2478; x_wconf 80' lang='lat' dir='ltr'>Trist.</span> <span class='ocrx_word' id='word_1_454' title='bbox 1621 2446 1652 2487; x_wconf 88' lang='lat'>1,</span> <span class='ocrx_word' id='word_1_455' title='bbox 1663 2446 1698 2486; x_wconf 82' lang='lat'>6,</span> <span class='ocrx_word' id='word_1_456' title='bbox 1709 2445 1762 2476; x_wconf 80' lang='lat'>29.</span> 
     </span>
    </p>
   </div>
   <div class='ocr_carea' id='block_1_29' title="bbox 1103 2506 1764 2580">
    <p class='ocr_par' dir='ltr' id='par_1_30' title="bbox 1103 2506 1764 2580">
     <span class='ocr_line' id='line_1_83' title="bbox 1103 2506 1764 2543; baseline -0.002 -8"><span class='ocrx_word' id='word_1_457' title='bbox 1103 2507 1159 2535; x_wconf 82' lang='lat' dir='ltr'>Hei</span> <span class='ocrx_word' id='word_1_458' title='bbox 1178 2506 1260 2539; x_wconf 87' lang='lat' dir='ltr'>mihi,</span> <span class='ocrx_word' id='word_1_459' title='bbox 1280 2514 1338 2534; x_wconf 90' lang='lat' dir='ltr'>non</span> <span class='ocrx_word' id='word_1_460' title='bbox 1351 2515 1474 2542; x_wconf 81' lang='lat' dir='ltr'>magnas</span> <span class='ocrx_word' id='word_1_461' title='bbox 1487 2508 1565 2543; x_wconf 87' lang='lat' dir='ltr'>quod</span> <span class='ocrx_word' id='word_1_462' title='bbox 1577 2507 1688 2534; x_wconf 76' lang='lat' dir='ltr'>habent</span> <span class='ocrx_word' id='word_1_463' title='bbox 1698 2514 1764 2534; x_wconf 87' lang='lat' dir='ltr'>mea</span> 
     </span>
     <span class='ocr_line' id='line_1_84' title="bbox 1433 2549 1680 2580; baseline 0 -1"><span class='ocrx_word' id='word_1_464' title='bbox 1433 2551 1566 2580; x_wconf 82' lang='lat' dir='ltr'>carmina</span> <span class='ocrx_word' id='word_1_465' title='bbox 1585 2549 1680 2579; x_wconf 70' lang='lat' dir='ltr'>vires!</span> 
     </span>
    </p>
   </div>
   <div class='ocr_carea' id='block_1_30' title="bbox 1036 2589 1277 2630">
    <p class='ocr_par' dir='ltr' id='par_1_31' title="bbox 1036 2589 1277 2630">
     <span class='ocr_line' id='line_1_85' title="bbox 1036 2589 1277 2630; baseline 0 -10"><span class='ocrx_word' id='word_1_466' title='bbox 1036 2590 1124 2621; x_wconf 77' lang='lat' dir='ltr'>Met.</span> <span class='ocrx_word' id='word_1_467' title='bbox 1147 2590 1178 2630; x_wconf 88' lang='lat'>1,</span> <span class='ocrx_word' id='word_1_468' title='bbox 1202 2589 1277 2621; x_wconf 82' lang='lat'>523.</span> 
     </span>
    </p>
   </div>
   <div class='ocr_carea' id='block_1_31' title="bbox 1100 2650 1761 2725">
    <p class='ocr_par' dir='ltr' id='par_1_32' title="bbox 1100 2650 1761 2725">
     <span class='ocr_line' id='line_1_86' title="bbox 1100 2650 1761 2698; baseline 0.002 -20"><span class='ocrx_word' id='word_1_469' title='bbox 1100 2650 1157 2679; x_wconf 81' lang='lat' dir='ltr'>Hei</span> <span class='ocrx_word' id='word_1_470' title='bbox 1175 2650 1256 2698; x_wconf 80' lang='lat' dir='ltr'>mihi,</span> <span class='ocrx_word' id='word_1_471' title='bbox 1275 2651 1355 2686; x_wconf 83' lang='lat' dir='ltr'>quod</span> <span class='ocrx_word' id='word_1_472' title='bbox 1372 2651 1466 2680; x_wconf 83' lang='lat' dir='ltr'>nullis</span> <span class='ocrx_word' id='word_1_473' title='bbox 1490 2658 1575 2679; x_wconf 73' lang='lat' dir='ltr'>amor</span> <span class='ocrx_word' id='word_1_474' title='bbox 1600 2653 1648 2680; x_wconf 84' lang='lat' dir='ltr'>est</span> <span class='ocrx_word' id='word_1_475' title='bbox 1665 2651 1761 2680; x_wconf 83' lang='lat' dir='ltr'>medi-</span> 
     </span>
     <span class='ocr_line' id='line_1_87' title="bbox 1432 2695 1674 2725; baseline 0 -2"><span class='ocrx_word' id='word_1_476' title='bbox 1432 2695 1540 2725; x_wconf 79' lang='lat' dir='ltr'>cabilis</span> <span class='ocrx_word' id='word_1_477' title='bbox 1558 2695 1674 2724; x_wconf 82' lang='lat' dir='ltr'>herbis!</span> 
     </span>
    </p>
   </div>
   <div class='ocr_carea' id='block_1_32' title="bbox 1035 2752 1763 2860">
    <p class='ocr_par' dir='ltr' id='par_1_33' title="bbox 1035 2752 1763 2860">
     <span class='ocr_line' id='line_1_88' title="bbox 1035 2752 1473 2794; baseline 0 -10"><span class='ocrx_word' id='word_1_478' title='bbox 1035 2752 1117 2785; x_wconf 85' lang='lat' dir='ltr'>Vid.</span> <span class='ocrx_word' id='word_1_479' title='bbox 1140 2752 1248 2785; x_wconf 80' lang='lat' dir='ltr'>Trist.</span> <span class='ocrx_word' id='word_1_480' title='bbox 1271 2754 1336 2794; x_wconf 90' lang='lat'>111,</span> <span class='ocrx_word' id='word_1_481' title='bbox 1359 2753 1395 2794; x_wconf 80' lang='lat'>2,</span> <span class='ocrx_word' id='word_1_482' title='bbox 1419 2753 1473 2785; x_wconf 80' lang='lat'>23.</span> 
     </span>
     <span class='ocr_line' id='line_1_89' title="bbox 1035 2819 1763 2860; baseline 0.004 -10"><span class='ocrx_word' id='word_1_483' title='bbox 1035 2819 1108 2850; x_wconf 83' lang='lat' dir='ltr'>Sed</span> <span class='ocrx_word' id='word_1_484' title='bbox 1153 2819 1247 2860; x_wconf 88' lang='lat' dir='ltr'>erit,</span> <span class='ocrx_word' id='word_1_485' title='bbox 1294 2820 1353 2860; x_wconf 85' lang='lat' dir='ltr'>qui</span> <span class='ocrx_word' id='word_1_486' title='bbox 1389 2819 1427 2851; x_wconf 92' lang='lat' dir='ltr'>in</span> <span class='ocrx_word' id='word_1_487' title='bbox 1466 2820 1534 2855; x_wconf 80' lang='lat' dir='ltr'>hac</span> <span class='ocrx_word' id='word_1_488' title='bbox 1578 2819 1763 2860; x_wconf 83' lang='lat' dir='ltr'>scriptura</span> 
     </span>
    </p>
   </div>
   <div class='ocr_carea' id='block_1_33' title="bbox 1829 0 1846 423">
    <p class='ocr_par' dir='ltr' id='par_1_34' title="bbox 1829 0 1846 423">
     <span class='ocr_line' id='line_1_90' title="bbox 1829 0 1846 423; textangle 90"><span class='ocrx_word' id='word_1_489' title='bbox 1842 406 1846 423; x_wconf 88' lang='lat'>..</span> <span class='ocrx_word' id='word_1_490' title='bbox 1840 352 1846 384; x_wconf 88' lang='lat'>.....</span> <span class='ocrx_word' id='word_1_491' title='bbox 1840 319 1846 339; x_wconf 79' lang='lat'>.-</span> <span class='ocrx_word' id='word_1_492' title='bbox 1829 0 1846 309; x_wconf 31' lang='lat' dir='ltr'>-212-2-...2-..1-*ffl</span> 
     </span>
    </p>
   </div>
  </div>
 </body>
</html>
