1846 3146
181 146 282 194 140

443 145 500 194 Ρ.
538 144 763 196 OVIDII
798 141 1116 194 NASONIS
1151 139 1495 191 TRISTIUM

183 253 396 317 Scilicet
428 273 484 316 ut
514 268 680 317 vietus
714 269 894 333 repetit
927 265 1176 332 gladiator
1209 278 1420 324 arenam,

248 350 316 398 Et
349 350 479 399 redit
510 352 562 398 iu
596 349 804 399 tumidas
838 350 1076 414 naufraga
1109 349 1285 415 puppis
1319 359 1500 411 aquas..

182 432 429 497 Forsitan,
465 440 533 482 ut.
552 432 794 499 quondam
829 433 1151 482 Teuthrantia
1184 445 1339 495 regna
1373 430 1575 487 tenenti,

251 515 341 566 Sic
365 516 490 564 'mihi
523 516 814 565 res'eadem
847 517 1028 567 vulnus
1063 529 1300 581 opemque
1334 513 1488 572 feret3

1636 508 1722 558 *20

183 600 440 665 Musaque,
479 615 603 665 quae
636 602 804 660 movit,
839 606 1014 648 motam
1049 612 1241 663 quoque
1275 595 1430 644 leniet
1463 596 1605 643 iram:

252 683 480 731 Exorant
511 697 714 746 magnos
751 685 963 732 earmina
995 696 1147 748 saepe
1182 679 1321 739 deos,

186 845 336 887 vocavi,
360 846 454 886 quod
478 847 534 877 est
557 836 919 886 laesum,saucium,

185 900 289 931 notio
314 901 461 941 generis
484 909 552 940 pro
575 901 723 940 speciei.
769 901 823 932 De
833 907 938 936 seu-,

187 956 303 987 tentia
335 955 406 987 vid.
437 957 476 997 1,
513 955 555 998 1,
586 959 663 998 55„
698 957 767 998 IV,
793 955 827 998 1,
851 956 920 997 30„

186 1012 291 1043 Pont.
321 1013 353 1054 1,
386 1014 422 1053 5,
455 1012 507 1043 37.
531 1009 628 1052 seqq‘.
659 1028 705 1034 —-
733 1013 813 1044 Put.
835 1011 921 1044 ista.

189 1068 270 1100 Duo
296 1067 358 1099 alii
381 1067 504 1126 Heius.
529 1067 630 1099 acta.

235 1144 288 1177 17.
322 1143 479 1177 Scilicet
508 1145 573 1189 ut.¹
639 1142 805 1175 Heinsius
849 1151 923 1174 non

190 1201 345 1233 debebat
369 1210 415 1232 ex
447 1209 518 1232 uno
541 1196 677 1231 Bonon.
709 1202 746 1230 et
770 1200 823 1231 ed.
849 1201 924 1232 Bo-

156 1283 159 1287 .
190 1266 431 1289 nondun-arc
455 1255 602 1288 scilicet
619 1255 666 1296 et,
686 1255 848 1294 quamvis
860 1262 924 1286 re-

191 1317 251 1345 cte
275 1314 307 1346 h.
340 1314 365 1346 1.
387 1303 467 1350 'daci
499 1314 633 1353 posset.
690 1310 773 1342 Vid.
799 1312 866 1352 1v,
890 1312 925 1353 6,

124 1386 129 1392 -
189 1370 260 1410 23.,
286 1370 379 1400 unde
412 1369 484 1401 ista
511 1368 674 1400 varietas
698 1366 844 1398 fluxisse
868 1365 926 1398 vi-

192 1426 309 1455 detur.

236 1502 416 1535 Arenam.
461 1502 546 1535 Vid.
570 1502 616 1533 ad
638 1511 673 1534 v.
696 1502 773 1534 282.
829 1500 926 1533 Gall.

197 1559 317 1599 repet.
340 1557 429 1590 vict.

239 1639 291 1671 19.
331 1634 584 1670 Teuthrantia
612 1643 743 1681 >reqna
777 1635 928 1668 tenenti.

191 1696 390 1735 Telephum
423 1694 509 1726 dicit
538 1692 709 1724 Herculis
746 1699 792 1723 ex
825 1693 929 1733 Auge

194 1751 362 1791 Nympha.
410 1750 547 1790 filium,
595 1747 652 1788 qui
697 1740 929 1779 Teuthrantis

193 1807 340 1847 Mysiae
354 1804 450 1846 regis
462 1804 586 1845 filiam,
604 1803 807 1845 Argiopen,
832 1811 928 1835 uxo-

191 1871 270 1894 rem
294 1861 418 1901 duxit,
443 1862 551 1899 atque
581 1859 631 1890 ita
654 1860 800 1899 Mysiae
823 1858 929 1900 regni

194 1920 301 1958 heres
325 1918 444 1948 factus
470 1917 535 1946 est.
589 1916 624 1945 Is
649 1914 685 1945 in
709 1915 808 1946 bello
832 1916 928 1947 Tro—

192 1975 278 2006 iano
314 1972 359 2003 ab
394 1966 539 2003 Achille
575 1969 791 2001 vulneratus
832 1972 928 2012 erat,

195 2029 289 2070 quod
323 2027 456 2060 vulnus
491 2034 537 2057 ex
572 2025 716 2057 oraculi
751 2033 929 2065 responso

198 2084 341 2118 nonnisi
364 2085 490 2115 eadem
506 2081 660 2114 Achillis
684 2081 789 2112 hasta
811 2079 934 2111 sanari

197 2142 356 2183 poterat.
401 2139 519 2180 Igitur
535 2137 692 2178 supplex
708 2135 795 2167 adiit
806 2135 933 2166 Achil·
958 2152 961 2154 -

198 2199 294 2240 leni,
339 2195 399 2237 qui
432 2196 559 2226 hastae
596 2192 761 2233 rubigine
794 2189 934 2222 victum

200 2251 444 2292 orantemque
467 2247 614 2290 refecit,
639 2250 679 2279 ut
703 2250 758 2278 est
782 2245 817 2276 in
846 2246 933 2277 Met.

199 2310 298 2350 XIII,
323 2306 398 2338 172.
453 2306 535 2338 Vid.
559 2306 653 2346 Hyg.
677 2304 718 2336 F.
752 2301 849 2343 101.,
879 2302 932 2332 A-

201 2364 339 2404 pollod.
363 2363 408 2393 11.
434 2369 465 2393 c.
497 2361 528 2392 7.
553 2363 590 2392 et
613 2361 675 2391 111.
706 2368 736 2391 c.
760 2359 791 2391 9.
813 2358 933 2398 ibique

201 2420 333 2459 Heyn„
357 2419 466 2458 Prop.
490 2419 539 2459 11,
565 2417 600 2459 1,
625 2418 693 2457 65.,
718 2415 824 2447 'ri-ist.
843 2415 875 2456 1,
899 2413 932 2456 1,

202 2475 293 2515 100.,
317 2474 378 2515 V,
409 2473 451 2515 2,
484 2472 560 2514 15.,
591 2474 694 2505 Pont.
726 2472 779 2514 11,
803 2472 839 2514 2,
863 2472 933 2513 26.,

201 2531 323 2562 Amor.
347 2531 381 2570 1,
405 2529 439 2570 9,
463 2528 495 2559 7.
538 2530 542 2534 “

246 2620 300 2650 20.
334 2617 462 2650 Feret.
517 2619 592 2649 Iun.
625 2619 662 2649 et
692 2616 786 2648 alius
814 2615 936 2647 Heius.

201 2677 238 2706 et
263 2673 384 2705 Berol.
398 2672 508 2715 ferat
518 2676 555 2705 et
578 2672 708 2704 leniat.
755 2672 827 2704 Sed
848 2669 936 2712 for-

159 2724 163 2726 ’
201 2729 304 2761 sitan
346 2731 384 2760 et
415 2730 559 2761 omnino
590 2733 693 2761 reete
726 2737 805 2760 cum
835 2727 936 2758 futu-

200 2795 244 2819 ro
278 2785 450 2828 ponitur,
482 2788 519 2817 et
550 2786 621 2816 hoc
660 2784 744 2816 Ioco
778 2783 936 2813 futurum

201 2844 307 2877 etiam
330 2842 456 2875 melius
482 2844 555 2872 est:
580 2847 732 2879 namque
748 2838 835 2869 illud
855 2836 935 2876 opi-

989 842 1135 885 nantis,
1181 842 1343 874 futurum
1379 825 1636 881 exspectantis*
1659 841 1729 872 est.

988 899 1077 932 Exc.
1100 898 1210 930 Voss,
1234 896 1347 930 dabit.

1034 977 1088 1009 21.
1123 975 1322 1017 Musaque,
1355 982 1452 1017 quae
1473 971 1605 1007 movit-f
1647 972 1727 1004 Pal.

991 1034 1021 1066 1.
1045 1037 1082 1065 et
1105 1033 1153 1074 2.,
1175 1033 1269 1074 Put.,
1293 1033 1404 1072 Mon,
1431 1029 1552 1070 Serv„
1574 1028 1722 1068 Franc.‚

990 1091 1112 1130 Rern„
1137 1087 1258 1120 Guelf.
1282 1087 1358 1139 ξιξ.
1382 1095 1426 1118 m.
1441 1108 1456 1128 ,
1479 1085 1602 1126 Goth„
1626 1085 1726 1125 Seg.,

990 1145 1134 1186 BeroL,
1167 1145 1275 1178 Crev.
1306 1146 1342 1176 et
1365 1144 1434 1175 XII
1455 1139 1592 1173 Heinsii
1615 1144 1728 1180 quam

991 1199 1118 1240 movit,
1143 1201 1235 1241 quod
1260 1200 1396 1240 primus
1420 1196 1530 1228 edidit
1545 1194 1725 1227 Heinsius.

992 1255 1293 1296 Reliquibomnes
1327 1256 1364 1286 et
1402 1255 1493 1285 vett.
1523 1252 1601 1283 edd.
1631 1258 1729 1291 quae

993 1310 1126 1352 movit,
1163 1319 1267 1351 quam
1304 1310 1523 1350 scripturam
1565 1304 1730 1352 postulat

995 1368 1233 1399 concinnitas.
1291 1363 1514 1398 Praecessit:
1533 1360 1600 1395 ..sic
1639 1358 1730 1392 mihi

994 1431 1057 1454 res
1082 1422 1209 1454 eadem
1232 1422 1368 1453 vulnus
1396 1425 1573 1460 opemque
1603 1416 1728 1459 feret.-

993 1478 1062 1510 iam
1086 1478 1152 1509 illa
1175 1479 1424 1518 exponuntur:
1449 1476 1486 1506 et
1498 1473 1622 1513 Musa,
1636 1479 1731 1513 quae

994 1533 1112 1566 movit
1133 1533 1233 1565 iram
1258 1531 1474 1572 (respondet
1497 1528 1551 1560 illi
1575 1535 1639 1559 res
1663 1534 1731 1558 ea-

996 1590 1109 1631 dem),
1142 1589 1284 1620 motam
1316 1593 1459 1628 quoque
1494 1583 1617 1615 leniet.
1673 1585 1729 1616 Ac

996 1653 1116 1677 nonne
1139 1652 1251 1686 quam
1272 1640 1390 1689 movit
1412 1643 1450 1674 et
1464 1640 1604 1672 motam
1615 1647 1729 1680 pror-

996 1711 1058 1735 sus
1082 1701 1175 1732 idem
1198 1693 1354 1733 valent?
1377 1696 1487 1730 Trist.
1510 1696 1561 1737 V,
1585 1695 1621 1738 2,
1649 1695 1702 1727 17.

1045 1774 1550 1785 ————————
1581 1765 1598 1785 o
1621 1760 1652 1785 to

1095 1810 1229 1838 Vulnera
1247 1806 1299 1841 qui
1318 1804 1402 1839 fecit,
1419 1803 1502 1832 facta
1519 1765 1625 1830 laval-2
1646 1777 1732 1828 v’eiit.

997 1870 1083 1902 Her.
1099 1868 1197 1908 XX,
1228 1865 1283 1897 73.
1329 1862 1450 1903 Idem,
1473 1859 1536 1903 qm·
1555 1859 1733 1902 facimus,

995 1925 1143 1968 factam
1174 1918 1408 1953 tenuabimus
1443 1916 1557 1949 iram.
1619 1917 1733 1949 Plura

998 1978 1166 2019 exempla
1187 1977 1290 2008 huius
1314 1974 1491 2007 orationis
1514 1973 1645 2004 νίψω
1665 1973 1734 2014 111,

997 2036 1033 2075 5,
1058 2033 1110 2065 11.
1158 2031 1308 2072 Quoque
1348 2037 1370 2062 e
1402 2027 1550 2068 vulgari
1577 2034 1734 2059 consue·-

1002 2090 1123 2122 tudine
1147 2086 1288 2120 dicendi
1309 2084 1513 2125 ponendum
1547 2083 1628 2113 erat
1651 2085 1737 2122 post

1001 2144 1138 2184 leniet;
1162 2151 1290 2175 verum
1313 2149 1357 2173 ea
1379 2138 1579 2181 particula,
1610 2137 1641 2169 si
1663 2146 1738 2170 no·-x

1001 2202 1068 2242 tio,
1092 2200 1138 2231 ad
1161 2207 1265 2239 quam
1294 2205 1339 2229 ea
1369 2194 1543 2237 pertinet,
1574 2193 1737 2234 pluribus

1001 2255 1124 2289 verbis
1149 2253 1385 2293 enuntiatum
1396 2251 1480 2291 post
1494 2249 1645 2290 primum
1657 2251 1735 2281 sta-

1001 2313 1065 2345 tim
1097 2311 1160 2343 vel
1190 2302 1342 2350 quodvis
1373 2306 1482 2338 etiam
1517 2304 1744 2337 vocabulum·

1001 2367 1161 2409 ponitur.
1207 2365 1293 2396 Her.
1316 2363 1383 2405 1V,
1408 2362 1438 2393 3.
1462 2359 1493 2392 4.

1066 2439 1195 2474 Perlege
1224 2439 1433 2475 quodcumque
1465 2436 1529 2463 est:
1554 2432 1638 2467 [quid
1669 2431 1736 2467 epi·

1400 2480 1479 2508 stola
1495 2478 1575 2505 lecta
1594 2475 1738 2513 nocebit?

1119 2529 1160 2556 Te
1179 2533 1309 2563 quoque,
1328 2525 1359 2552 in
1371 2525 1428 2552 hac
1446 2521 1571 2557 aliquid,
1592 2520 1671 2555 quod
1686 2519 1739 2547 iu-

1003 2612 1042 2643 Μ
1067 2612 1081 2641 t
1109 2590 1200 2641 ,XIII
1241 2607 1282 2639 63
1401 2569 1464 2601 vet,
1483 2573 1551 2594 esse
1569 2567 1682 2600 potest.

1045 2618 1064 2641 e
1082 2633 1090 2641 .
1202 2629 1215 2649 ,
1286 2630 1294 2637 .

1072 2673 1130 2707 Qui
1149 2673 1222 2700 licet
1241 2667 1361 2704 eloquio
1379 2664 1498 2714 quoque
1515 2665 1646 2694 Nestora
1671 2658 1740 2694 vinss

1403 2714 1462 2739 cat.

1006 2778 1110 2811 conf.
1134 2775 1243 2808 Trist.
1266 2774 1323 2814 v,
1356 2771 1420 2812 13,
1444 2769 1513 2812 2³„
1535 2769 1664 2802 Tibun.
1689 2769 1740 2809 ιι,

1006 2833 1041 2874 1,
1066 2831 1117 2863 11.
1164 2831 1296 2862 Franc.
1326 2836 1394 2869 pro
1426 2826 1496 2858 div.
1528 2823 1655 2864 script.
1688 2819 1738 2862 Ιί-
