1846 3146
141 1947 145 1949 ”
204 1957 300 1991 men,

195 165 294 216 166

437 164 494 214 Ρ.
530 163 753 215 OVIDII
787 163 1119 217 NASONIS*
1141 164 1486 217 TRISTIUM

194 273 359 352 thue
395 285 518 336 deos
553 287 838 354 coelumque
872 288 1016 337 simul
1049 286 1255 339 sublime
1287 290 1443 337 tuenti

1625 287 1724 338 215

259 371 378 419 Non
411 375 561 420 vacat
594 372 791 436 exiguis
823 371 973 421 rebus
1008 370 1187 421 adesse
1221 371 1359 434 Iovi3

192 453 277 503 Ex
309 458 359 502 te
392 452 686 519 pendentem
716 457 792 504 sic
828 454 940 504 dum
975 456 1309 520 circumspicis
1344 435 1541 515 orbemJ

259 537 518 600 Effugiunt
551 552 695 590 curas
728 537 967 587 iuferiora
997 537 1142 587 tuas?
1316 536 1318 539 ’

196 620 411 673 Scilicet
444 621 648 686 imperii,
682 620 938 688 Princeps,
974 623 1185 674 statione
1218 620 1396 669 relicta

263 704 535 771 Imparibus
569 703 768 769 legeres
804 707 1015 753 carmina
1048 705 1182 762 facta
1214 702 1410 753 modis?

1630 701 1729 751 220

202 788 321 837 Non
356 803 416 837 ea
449 792 500 836 te
533 786 689 835 moles
723 787 932 836 Romani
963 789 1170 837 nominis
1204 791 1386 851 urget,-

263 871 419 936 Inque
454 872 551 919 tuis
586 870 799 919 humeris
833 875 929 919 tam
962 869 1080 921 leve
1112 871 1271 920 fertur
1304 885 1442 929 onus,

196 1013 291 1038 mum
324 1005 516 1050 eleganter
547 1005 772 1048 respondet,
803 1006 932 1046 Augu-

197 1063 292 1093 stum
321 1061 359 1093 in
388 1063 490 1097 tanto
524 1061 675 1107 imperio
699 1061 933 1106 procurando

199 1125 284 1149 non·
306 1117 468 1158 potuisse
499 1117 614 1150 libros
654 1117 739 1150 illos
773 1116 934 1149 curatius

198 1173 381 1223 inspicere
394 1181 592 1215 eorumque
602 1172 844 1205 innocentiam
868 1180 934 1204 co-

197 1236 390 1270 gnoscere.

242 1293 361 1335 Falli,
383 1294 514 1336 ignara
536 1301 618 1325 esse
641 1295 691 1335 (1,
715 1293 751 1334 3,
783 1292 875 1333 5933
898 1291 937 1323 et
960 1315 962 1317 >

202 1349 294 1381 sunt
314 1358 404 1381 vere
435 1349 605 1390 minora,
639 1355 753 1389 quam
773 1347 828 1381 -ut
851 1355 876 1378 a
900 1347 936 1378 te

201 1403 375 1445 coqnosci
397 1403 511 1445 diyna
525 1402 741 1434 videantur.
777 1391 884 1435 Goth.
898 1404 934 1434 et

199 1460 322 1492 Berol.
342 1459 408 1501 fas
431 1459 488 1490 est
510 1465 612 1499 erqo.
667 1458 744 1490 Pal.
768 1457 798 1490 1.
822 1459 860 1489 et
880 1457 935 1489 IV

200 1516 265 1548 alii
287 1515 409 1548 Heius.
441 1521 624 1553 corpora.
681 1513 817 1555 Guelf.,
848 1503 934 1545 veit.

202 1572 250 1614 1.,
274 1573 311 1603 et
334 1571 388 1603 IV
409 1570 474 1602 alii
501 1570 623 1603 Heius.
645 1566 811 1601 numina.
856 1569 934 1601 put.

202 1625 358 1663 lumina.

245 1704 323 1740 214,
363 1704 460 1736 Tua.
503 1698 698 1734 Beruensis
722 1686 854 1735 {enei
869 1700 936 1733 tui.

246 1783 323 1815 215.
357 1783 412 1816 De
435 1780 503 1813 issa
524 1778 750 1821 adulatione,
774 1786 846 1818 qua
858 1779 938 1811 Au-

201 1839 347 1879 gustum
370 1835 472 1877 quasi
494 1837 620 1867 Iovem
643 1837 855 1867 terrestrem
878 1833 940 1865 fa-

204 1893 255 1925 cit
283 1896 392 1934 atque
427 1897 634 1930 supremum
667 1890 705 1922 in
728 1889 839 1923 terris
868 1898 940 1921 nu-

345 1953 497 1987 eumque
541 1945 640 1977 Iovis
685 1944 860 1986 potestati
903 1943 940 1976 in

203 2005 313 2036 coelo
337 2002 504 2044 opponit,
528 2001 679 2033 diximus
697 2008 819 2041 supra.
855 2000 939 2031 Vid.

152 2050 155 2052 ’
204 2058 382 2100 adum,
397 2058 450 2091 19.
465 2059 502 2089 et
513 2058 544 2100 1,
563 2060 598 2100 5,
613 2057 666 2089 78.
711 2057 800 2090 Exe.
816 2055 940 2096 voss„

207 2115 328 2150 Berol.
353 2116 390 2146 et
412 2114 494 2149 Bel.
518 2111 668 2150 tenenti.
740 2114 746 2117 “

255 2182 407 2215 vacare
430 2188 511 2214 cum
528 2179 723 2222 infinitivo,
732 2179 774 2213 ut
783 2180 872 2212 Met.
890 2179 941 2221 V,

210 2237 289 2271 334,

457 2267 461 2282 0

253 2303 330 2338 217.
365 2301 430 2334 Em
465 2302 503 2334 te
536 2301 769 2342 pendentem.
830 2299 943 2341 Gall„

208 2360 321 2401 Busl„
356 2360 485 2400 Serv„
519 2358 642 2400 Leid.,
673 2357 753 2390 Bel.
784 2358 822 2390 et
852 2357 944 2389 vett.

176 2410 178 2413 ’
209 2417 290 2457 edd.
329 2416 479 2455 praeter
513 2416 649 2447 Bonon.
683 2422 708 2444 a
739 2414 785 2445 te.
849 2413 945 2455 Put„

209 2481 289 2506 exc.
312 2472 436 2512 Voss„
470 2471 562 2512 Iun„
594 2471 646 2504 111
674 2468 736 2500 alii
758 2469 880 2502 Heins.
909 2470 946 2500 et

210 2528 341 2564 Dresd.
357 2526 396 2559 in
411 2527 456 2559 te.
488 2527 590 2561 Rern.
603 2528 641 2558 et
655 2526 738 2566 Seg.
749 2524 946 2564 independ.

210 2583 287 2616 Pal.
325 2583 371 2623 2,,
405 2582 541 2623 Guelf„
570 2581 692 2614 Berol.
722 2583 759 2614 et
786 2582 838 2628 ΙΙΙ,
865 2589 945 2612 cum

212 2630 269 2671 ed.
301 2639 439 2672 Bonon‚
469 2637 514 2669 de
547 2637 593 2669 te.
647 2637 753 2671 Goth,
783 2636 850 2668 sub
872 2643 944 2667 ras.

213 2703 233 2727 e
256 2694 303 2726 te.
348 2695 479 2726 Franc.
514 2702 537 2725 a
567 2693 597 2727 1.
620 2702 664 2725 m.
698 2694 735 2726 et
759 2691 868 2725 Crev.
890 2688 946 2721 sic

212 2751 261 2782 te.
306 2749 449 2790 Reliqui
470 2757 543 2780 non
567 2747 676 2788 pauci
699 2754 748 2778 eoe
770 2746 821 2788 te,
851 2745 946 2786 quod

213 2808 368 2847 propter
391 2804 646 2848 auctoritatem
676 2803 853 2834 librorum
881 2807 945 2831 re-

217 2861 406 2902 tinuimus3
441 2868 522 2894 nam
545 2859 615 2893 dici
638 2859 672 2892 h.
695 2858 720 2889 l.
744 2857 867 2899 potest
893 2853 944 2897 ἰη,

1000 1015 1036 1046 a,
1061 1006 1107 1038 de
1130 1007 1168 1038 et
1191 1012 1251 1037 em.
1297 1005 1380 1038 Vid.
1401 1003 1562 1036 Forcell.
1584 1004 1622 1036 in
1641 1013 1677 1037 v.
1691 1021 1732 1026 —

999 1061 1075 1092 Pal.
1101 1061 1130 1093 1.
1154 1063 1192 1094 et
1213 1061 1266 1092 111
1287 1060 1351 1091 alii
1373 1060 1495 1092 Heius.
1519 1059 1660 1098 urbem.

1045 1127 1122 1160 219.
1159 1126 1393 1167 awaribus,
1424 1127 1456 1157 h.
1480 1110 1511 1157 ej
1534 1126 1733 1159 hexametri

963 1231 965 1233 Ι
1002 1185 1039 1215 et
1061 1182 1300 1224 pentametri,
1334 1181 1414 1213 sive
1437 1181 1622 1222 elegiacis.
1666 1183 1734 1216 Di-

1003 1238 1054 1270 cit
1076 1240 1195 1269 autem
1216 1237 1332 1269 libros
1365 1238 1410 1268 de
1442 1238 1556 1279 Arte,
1588 1246 1735 1270 carmen

1002 1295 1214 1336 elegiacum.
1272 1293 1345 1325 Sed
1375 1292 1475 1333 vide,
1511 1294 1598 1332 quot
1620 1292 1735 1324 modis

1003 1358 1150 1381 carmen
1185 1348 1394 1389 elegiacum
1435 1347 1734 1388 circumscripse-

1001 1404 1061 1438 rit.
1105 1403 1231 1446 111,p1,
1255 1404 1308 1436 11.

1067 1467 1182 1496 Clauda
1208 1468 1288 1502 quod
1311 1469 1431 1496 alterno
1449 1465 1609 1495 subsidunt
1625 1465 1736 1494 carmi-

1399 1520 1439 1540 na
1456 1519 1548 1540 versu
1570 1525 1604 1531 -

1001 1548 1101 1592 East.
1125 1549 1184 1590 Π,
1216 1546 1291 1580 121.

1069 1623 1147 1654 Dum
1174 1622 1309 1651 canimus
1333 1628 1438 1651 sacras
1468 1622 1586 1650 alterno
1615 1621 1737 1658 pectino

1402 1665 1515 1715 ξοπιες.

1004 1736 1046 1770 Si
1055 1737 1239 1778 scrilitura
1251 1745 1344 1770 vera
1354 1740 1421 1769 est.
1445 1737 1554 1770 Trist.
1565 1736 1675 1778 111,1,
1685 1737 1738 1772 56v

1070 1810 1214 1847 Adspicis
1230 1812 1366 1840 alternos
1382 1811 1576 1840 intremuisse
1590 1810 1706 1847 pedes?

1006 1882 1110 1914 Pont.
1133 1883 1182 1923 11,
1206 1883 1244 1924 5,
1267 1880 1314 1916 1.”

1073 1955 1201 1984 Condita
1227 1957 1399 1993 disparibus
1427 1957 1560 1984 numeris
1586 1943 1643 1991 ego
1658 1954 1739 1983 Naso

1406 2000 1518 2029 Salano

1080 2042 1083 2054 ⁴
1121 2043 1300 2080 Praeposita
1318 2044 1387 2073 misi
1403 2045 1497 2073 verba
1514 2045 1612 2073 salute
1629 2050 1706 2071 meo.

1008 2115 1112 2147 Pont.
1132 2115 1200 2156 Ν,
1223 2117 1259 2157 5,
1283 2117 1314 2148 3.

1073 2188 1178 2224 Longa
1194 2189 1245 2218 via
1263 2193 1321 2225 est,
1338 2197 1396 2218 nec
1412 2197 1468 2218 vos
1485 2188 1614 2224 pedibus
1631 2194 1740 2222 proce-

1402 2233 1475 2263 ditis
1493 2233 1609 2269 aequis.

1007 2272 1112 2303 Pont.
1135 2273 1202 2315 111,
1225 2274 1261 2314 3,
1284 2273 1339 2305 29.

1076 2346 1120 2374 Tu
1137 2346 1209 2375 mihi
1228 2346 1350 2375 dictasti
1367 2346 1514 2375 iuvenilia
1527 2345 1659 2374 carmina
1675 2344 1740 2380 pri-

1341 2424 1345 2429 ¹
1406 2398 1494 2425 mus3,

1056 2463 1073 2479 ⁶
1125 2435 1261 2471 Apposui
1278 2435 1371 2470 senis,
1390 2437 1420 2462 te
1439 2435 1525 2469 duce,
1543 2434 1673 2470 quinque
1685 2439 1739 2467 pe-

1012 2518 1137 2550 Amor.
1162 2517 1194 2559 1,
1219 2516 1254 2559 1,
1276 2506 1330 2548 ‘27.
1411 2479 1475 2519 ‘³⁰⁵‘

1078 2590 1140 2620 Sex
1174 2590 1247 2618 mihi
1282 2591 1388 2625 surgat
1421 2595 1496 2624 opus
1532 2587 1675 2620 numeris,
1710 2587 1743 2615 in

1415 2633 1545 2670 quinque
1561 2629 1691 2660 residat.

1011 2671 1119 2703 'frist
1142 2673 1209 2715 m,
1233 2672 1270 2714 7,
1292 2671 1346 2704 ιο.

1076 2746 1214 2783 Aptaque
1237 2747 1269 2774 in
1295 2746 1429 2774 alternos
1447 2749 1557 2779 cogere
1575 2742 1668 2770 verba
1686 2749 1742 2777 pe-

1405 2790 1470 2818 des.
1659 2791 1663 2795 ⁴

1056 2854 1130 2888 221.
1168 2852 1255 2885 Non
1279 2858 1335 2891 ea,
1358 2857 1431 2884 non
1450 2850 1523 2882 tam
1538 2845 1649 2886 levis,
1673 2845 1745 2876 tam
