1846 3146
220 151 320 202 186
334 121 340 132 ’

463 153 521 202 Ρ.
558 152 782 204 0V1D11
818 155 1138 210 NASONIS
1173 158 1517 219 TRISTIUM

215 272 359 325 Haec
391 274 481 326 tibi
513 290 591 325 me
622 278 837 327 invisum
867 278 1079 329 lascivia
1112 280 1250 342 feeit,
1287 282 1352 332 ob
1378 283 1564 347 ·ArteS‚
1592 329 1603 348 N
1653 287 1753 337 345

282 356 424 416 Quas»
448 363 584 408 ratus
618 375 675 409 es
708 363 893 411 vetitos
927 362 1229 414 sollicitasse
1263 371 1413 417 toros.
1446 408 1464 414 ,,

213 437 323 489 Sed
357 455 517 506 neque
548 458 625 492 me
658 449 840 510 nuptae
873 444 1151 496 didicerunt
1184 449 1317 499 furta
1353 451 1588 517 magistro
1603 488 1618 515 ‚
1642 497 1646 501 ,

280 521 522 589 Quodque
554 541 723 592 parum
755 531 912 590 novit,
949 539 1090 580 nemo
1126 531 1310 582 docere
1343 540 1521 600 potest.

211 605 303 656 Sie
339 621 436 671 ego
470 606 680 659 delicias
714 615 765 659 et
796 611 965 662 mollia
999 618 1210 665 earmina
1244 616 1361 678 feei,

275 689 551 742 Strinxerit
583 697 638 742 ut
669 709 845 746 nomen
878 697 1050 748 fabula
1082 699 1220 749 nulla
1252 715 1422 751 meum.

208 841 324 883 quod
331 841 465 885 didici,
497 843 599 885 quod
618 852 695 888 me,
725 847 822 888 quod
846 848 945 881 dedit

206 897 392 945 Heinsius,
414 899 511 931 falso
534 901 720 943 scribens,
753 903 794 934 ut
815 911 943 946 saepe,

205 953 259 986 ita
281 954 454 987 exhibere
477 956 583 988 codd.
609 957 792 991 meliores.
838 958 945 998 Quod

204 1006 322 1040 didici
351 1009 460 1042 etiam
482 1010 561 1043 Pol.
586 1011 617 1044 1.
649 1016 687 1046 et
708 1014 741 1046 2.
773 1017 810 1047 et
834 1016 941 1049 Goth.

206 1065 366 1097 -Bern.
388 1067 489 1107 quod
509 1066 599 1108 feei.
642 1069 945 1112 11111e1ns.quod

203 1126 271 1151 me.
294 1135 339 1143 —
360 1121 437 1153 Pal.
469 1122 499 1154 1.
533 1125 570 1155 et
591 1124 640 1166 2.,
675 1125 814 1167 Guelf„
843 1127 939 1170 Put.,

201 1174 337 1207 Franc.
360 1178 398 1208 et
420 1178 508 1211 XIV
529 1179 592 1212 alii
620 1180 763 1223 Heins.,
792 1182 938 1226 Dresd.,

202 1229 312 1263 erev.
337 1233 375 1263 et
397 1232 482 1274 seg.
500 1233 592 1275 quid
606 1234 755 1267 didici„
780 1237 876 1270 Gall.
900 1241 938 1272 et

200 1284 286 1326 seg.
321 1284 414 1327 quid
435 1296 526 1333 ⁸me.
601 1290 699 1323 Busl.
736 1293 775 1324 et
805 1293 938 1334 reliqui

202 1341 308 1373 codd.
338 1343 376 1374 et
408 1346 499 1377 vett.
522 1345 601 1378 edd.
616 1353 836 1379 cur—cur.
883 1348 936 1382 Ο-

199 1397 320 1438 ptime.
365 1398 527 1432 Discere
554 1409 648 1434 vero
679 1402 864 1446 absolute,
887 1405 938 1445 *ut

199 1452 280 1485 Att.
303 1454 347 1486 A.
370 1455 404 1496 Ι,
426 1454 503 1489 428.

243 1537 320 1571 344.
353 1539 488 1571 Franc.
511 1541 550 1572 et
571 1538 692 1574 Berol.
714 1540 835 1574 litera
864 1550 937 1575 cur

199 1601 256 1626 oc.
300 1594 397 1627 Busl.
420 1593 539 1628 litera
561 1595 670 1638 quive
694 1596 835 1629 oculos.

242 1676 320 1710 345.
354 1677 461 1712 Haec
484 1677 646 1712 lascivia
667 1682 791 1721 (quam
822 1689 874 1714 sc.
898 1691 933 1714 v.

196 1732 401 1767 339-342.
432 1736 619 1777 exposuit)
651 1743 710 1768 me
737 1734 805 1768 tibi
831 1734 933 1769 invi-

195 1796 279 1820 sum
298 1788 406 1832 fecit,
432 1790 478 1823 ob
501 1790 618 1823 Artes
639 1799 709 1834 sc.,
732 1800 934 1834 quas...—

195 1845 282 1877 vat.
309 1845 338 1877 1.
360 1854 434 1877 non
461 1843 540 1878 tibi.
593 1847 695 1879 Leid.
717 1847 812 1880 haec
831 1847 931 1880 mihi.

195 1895 343 1933 Pirekh.
368 1902 405 1933 et·
428 1897 483 1932 ed'.
506 1901 644 1933 Bonon.
668 1902 706 1934 et
727 1904 843 1936 artes.

240 1983 317 2016 346.
349 1983 600 2016 sollicitasse.
672 1985 735 2017 Sic
771 1986 847 2018 Pal.
885 1986 931 2029 1.,

187 2039 300 2072 'Bet-n.
325 2035 380 2078 (ἓ)
404 2043 441 2073 et
464 2042 533 2073 XII
553 2040 675 2072 Heius.
699 2041 736 2072 et
748 2043 838 2073 vett.
852 2042 931 2073 edd.

194 2095 339 2136 Reliqui
363 2098 483 2139 codd„
507 2095 616 2128 etiam
638 2096 782 2139 Dresd.,
807 2098 930 2140 Goth„

193 2151 337 2193 Berol.,
371 2152 506 2194 Crev.,
541 2151 677 2194 Guelfi,
706 2152 813 2195 seg„
848 2153 930 2185 Rei.

193 2192 420 2239 sollicitare.

192 2265 302 2303 ptura
323 2264 413 2296 satis
444 2272 610 2305 magnam
641 2263 774 2295 habeat
797 2267 930 2296 aucto-

193 2318 338 2352 ritatem
370 2320 564 2352 vetustatis
596 2327 641 2352 ac
673 2319 764 2351 satis
797 2318 929 2351 bonum

192 2373 333 2416 quoque
363 2376 541 2416 praebeat
572 2383 741 2416 sensum,
780 2374 928 2406 difficile

193 2432 265 2472 est,
289 2433 372 2462 utra
393 2439 483 2462 vera
511 2431 574 2472 sit,
597 2431 760 2462 iudicare
767 2441 780 2472 ς,
811 2438 927 2471 quan-

193 2492 299 2525 quam
328 2485 511 2526 scriptura
541 2484 769 2518 sollicitasse
805 2486 927 2526 aptior

192 2539 340 2571 videtur
373 2541 522 2583 versui,
569 2542 629 2583 qui
658 2543 843 2584 sequitur,
890 2543 928 2574 et

190 2595 307 2628 verbo
337 2594 565 2628 didicerunt.
633 2598 736 2630 Pont.
769 2598 845 2639 111,
870 2591 926 2639 ’3,

189 2650 244 2683 49.

255 2725 324 2755 Scis
349 2728 458 2759 tamen,
485 2729 519 2754 ut
541 2726 657 2764 liquido
680 2727 796 2755 iuratus
823 2728 926 2756 dicere

581 2779 692 2806 poss1s,

304 2814 369 2843 Non
401 2823 449 2844 me
485 2816 639 2852 legitimos
675 2817 925 2847 sollicitasse

589 2863 685 2889 toros.

482 2206 600 2250 Quum
635 2210 789 2249 utraque
832 2209 930 2241 scri-
947 2241 950 2243 .

1639 700 1748 760 (350

1009 850 1084 883 Sed
1106 849 1171 882 ille
1192 850 1298 884 locus
1322 851 1369 884 ab
1391 851 1463 885 hoc
1489 852 1656 885 diversus
1680 855 1747 885 est.

1010 906 1134 940 Guelf.
1158 913 1244 948 qua.

1053 1000 1130 1033 847.
1170 994 1311 1034 πάντα.
1378 1000 1462 1034 vm.
1499 1003 1547 1035 aa
1589 1012 1625 1036 v.
1664 984 1744 1038 '242

1007 1055 1108 1089 Leid.
1131 1055 1281 1098 captae.
1326 1057 1448 1091 Berol.
1470 1058 1539 1092 sed
1562 1067 1644 1093 nec.

1051 1149 1128 1182 348.
1152 1147 1342 1192 Quodque.
1387 1150 1531 1193 copula
1553 1160 1635 1194 que,
1651 1160 1745 1194 quae

1003 1204 1166 1245 pertinet
1211 1204 1264 1238 ad
1291 1213 1409 1251 nemo*
1435 1206 1574 1240 docere
1600 1207 1745 1249 potest,

1003 1261 1108 1292 recte
1141 1267 1186 1292 ac
1215 1260 1347 1294 Latine
1376 1262 1552 1296 adhaeret
1582 1262 1743 1296 relativo

1003 1315 1124 1358 quod5
1146 1323 1230 1349 nam
1252 1317 1355 1358 quod
1372 1325 1515 1358 parum
1539 1317 1648 1350 novit
1669 1319 1739 1351 ob-

1003 1372 1152 1414 iectum,
1177 1373 1274 1414 quod
1295 1371 1443 1415 dieitur,
1465 1375 1524 1406 est
1539 1374 1645 1406 verbi
1668 1374 1740 1406 do-

1003 1436 1112 1461 cere.-
1136 1430 1285 1462 veteres
1309 1429 1430 1470 autem
1451 1428 1489 1461 in
1509 1428 1643 1461 talibus
1666 1437 1740 1462 non

1000 1483 1263 1524 interpungere
1290 1483 1471 1516 solebant.
1539 1485 1659 1526 Atque
1694 1493 1741 1518 ea

1003 1538 1158 1580 copulae
1187 1537 1320 1578 positio
1358 1537 1532 1579 imprimis
1569 1540 1738 1581 peculia-

1001 1594 1054 1626 ris
1077 1595 1135 1627 est
1155 1593 1193 1626 in
1215 1593 1407 1637 exemplis,
1441 1593 1549 1635 quale
1573 1596 1629 1628 est
1651 1597 1737 1629 Her.

1001 1649 1102 1691 XVI,
1124 1649 1179 1682 83.
1340 1691 1341 1695 Ἰ

1066 1720 1163 1751 Dulce
1179 1721 1283 1751 Venus
1299 1721 1385 1752 risit:
1403 1721 1488 1758 „Nee
1506 1726 1548 1759 te,
1569 1723 1651 1759 Pari,
1669 1732 1737 1754 mu-

1397 1775 1473 1796 nera
1492 1770 1630 1803 tangant,

1117 1810 1252 1848 utraque
1291 1811 1432 1847 suspensi
1473 1812 1564 1848 plena
1605 1812 1736 1848 timoris,

1399 1855 1478 1885 εἰν(

999 1925 1082 1959 Vid.
1106 1925 1155 1958 ibi
1178 1933 1201 1957 a
1222 1933 1279 1958 me
1299 1926 1375 1958 not.
1419 1923 1653 1969 Neque—et
1671 1926 1736 1960 vel

998 1988 1070 2022 que
1091 1981 1315 2014 tritissimum
1337 1984 1415 2023 est,
1449 1990 1519 2015 nee
1541 1991 1666 2015 rarum
1689 1991 1733 2014 a-

998 2037 1070 2077 pud
1093 2037 1277 2068 Nasonem
1301 2037 1440 2078 quidem
1465 2037 1504 2068 et
1520 2045 1638 2069 nemo.
1678 2037 1735 2070 Et

998 2091 1144 2123 nullum
1174 2094 1232 2123 est
1263 2101 1300 2124 v.
1329 2092 1406 2123 250.
1469 2093 1564 2125 Mor.
1595 2101 1664 2134 pro
1695 2103 1732 2126 v.

997 2155 1070 2179 scr.
1102 2148 1140 2178 et
1166 2146 1275 2179 floril.
1308 2146 1430 2180 Berol.
1453 2148 1554 2189 quod
1581 2146 1732 2180 minime

994 2201 1111 2235 novit.

1040 2297 1118 2329 349.
1136 2294 1230 2338 „Sic
1246 2303 1313 2337 eqo
1339 2294 1509 2338 delicias,
1521 2299 1729 2339 (exponen-

995 2353 1030 2385 di
1063 2360 1193 2386 caussa
1224 2353 1342 2390 addit)
1374 2352 1413 2384 et
1443 2351 1578 2385 mollia
1612 2353 1663 2390 (h.
1696 2360 1729 2384 e.

992 2409 1153 2446 lasciva)
1176 2408 1351 2440 carmina
1371 2408 1461 2452 feci,
1475 2409 1519 2441 ut
1534 2409 1644 2440 nulla
1661 2408 1728 2450 fa-

994 2464 1084 2497 bula
1095 2472 1227 2497 nomen
1239 2466 1406 2503 (famam)
1417 2473 1538 2496 meum
1550 2463 1728 2506 tetiam-it,

993 2519 1190 2552 laeserit.“
1218 2521 1302 2554 Vid.
1316 2522 1363 2552 ad
1386 2530 1421 2553 v.
1444 2514 1602 2562 78.,111‚'
1617 2519 1655 2561 2,
1678 2521 1727 2561 5.,

992 2577 1061 2619 IV,
1077 2577 1133 2619 10,
1146 2578 1214 2619 68„
1229 2578 1260 2619 1,
1277 2577 1313 2619 9,
1332 2577 1386 2609 60.
1431 2574 1648 2609 Βίνίηωενιῖ
1670 2577 1728 2607 est
1776 2614 1783 2617 .

994 2631 1101 2663 etiam
1124 2641 1159 2664 v.
1182 2633 1258 2664 563.
1282 2635 1322 2664 et
1348 2632 1399 2674 V,
1428 2633 1464 2674 6,
1499 2631 1554 2665 21,
1579 2647 1621 2653 -
1643 2632 1726 2663 Duo

994 2686 1116 2718 Heius.
1141 2689 1178 2719 et
1201 2688 1305 2720 Ga11.-
1322 2687 1475 2729 arguat.
1525 2687 1616 2718 Tres
1644 2686 1726 2727 alii,
1764 2721 1790 2739 ⁶,

993 2742 1102 2773 etiam
1114 2743 1262 2785 Franc.,
1283 2741 1448 2775 laeserit.
1493 2742 1569 2773 Iun.
1583 2739 1725 2781 arquit,

991 2805 1027 2828 v.
1049 2797 1074 2828 l.
1098 2797 1266 2831 laeserit.
1314 2799 1418 2832 Serv.
1437 2799 1476 2830 et
1486 2797 1564 2829 Put.
1586 2795 1724 2829 stra-v-

993 2851 1077 2885 erit.
