1846 3146
196 160 299 212 314

447 161 504 211 P.
540 129 766 214 ovmn
798 160 1116 214 NASONIS
1149 127 1494 235 'rammi

197 283 389 334 Hector
424 288 532 335 erat
563 289 680 334 tunc
714 300 821 334 oum
853 285 990 335 bello
1026 285 1268 348 certabat,
1303 291 1355 336 et
1386 284 1516 337 idem

265 368 478 417 Tractus
512 368 574 418 ab
607 367 880 419 Haemonio
913 385 1012 419 non
1046 374 1154 419 erat
1186 370 1377 419 Hector
1410 383 1551 434 equo.

198 451 286 500 Me
321 467 529 517 quoque,
566 467 708 517 quem
740 469 889 503 noras
922 452 1053 515 olim,
1090 469 1189 503 non
1224 467 1337 503 esse
1365 455 1626 514 memento:

264 534 349 584 Ex
381 535 473 584 illo
507 540 739 602 superant
770 536 895 586 haec
930 536 1189 586 simulacra
1221 538 1348 585 viro.

201 684 382 718 claretur:
414 686 523 728 „Ego
553 694 628 719 non
656 686 810 729 amplius
841 695 935 729 sum,

201 743 298 783 quod
334 742 409 774 alio
439 750 582 783 quoque
611 744 798 786 tempore,
840 744 936 784 quod

198 796 271 830 iam
294 798 488 839 praeteriit
517 800 610 835 (non
640 798 792 840 amplius
820 806 936 841 eram,

199 853 284 890 sed)
317 852 388 884 iam
420 853 584 895 sueram,
624 860 705 886 esse
739 853 936 896 desieram;

199 907 263 940 vel
298 909 393 949 quod
425 908 535 950 olim,
566 910 741 950 'tempore
778 909 838 941 diu
866 910 937 942 iam

199 963 420 1006 praeterito,
442 961 536 1010 fui.{‘
582 965 685 996 Haec
697 965 744 996 ad
757 965 852 997 hunc
873 965 934 997 lo-

201 1027 282 1051 cum
305 1021 411 1052 notat
433 1021 533 1052 Iahn.
579 1019 686 1053 Conf.
707 1021 758 1063 V,
776 1023 817 1063 5,
841 1021 872 1053 3.
897 1022 935 1054 et

200 1075 251 1117 V,
276 1075 333 1117 12,
356 1076 411 1107 30.

245 1140 416 1174 Ceterum
437 1140 626 1184 permultis
647 1140 684 1173 in
706 1141 799 1174 locis
822 1142 935 1184 poeta

199 1203 283 1228 sese
306 1195 377 1229 iam
399 1199 580 1230 mortuum
598 1197 700 1239 dicit,
713 1197 852 1239 sibique
874 1207 935 1231 res

199 1254 426 1284 mortuorum
450 1253 587 1285 tribuit.
630 1254 662 1294 I,
687 1252 722 1294 1,
737 1252 828 1295 118„
844 1255 876 1295 1,
899 1253 936 1296 4,

199 1308 275 1350 28,
305 1309 409 1340 Pont.
433 1308 509 1350 IV,
538 1307 596 1349 16,
628 1307 699 1350 48.,
723 1308 769 1340 al.
792 1324 838 1332 —-
859 1309 936 1341 Pal.

199 1363 254 1406 2.,
286 1365 341 1397 1V
370 1363 435 1396 alii
463 1361 586 1395 Heius.
615 1365 653 1395 et
689 1363 811 1396 Berol.
836 1371 936 1405 pro-

202 1419 339 1452 trahis.

244 1509 299 1540 26.
336 1506 433 1547 Quid
460 1505 625 1539 cinerem
655 1504 764 1539 samis
779 1504 936 1547 —petis.

200 1564 360 1596 Veteres
374 1563 612 1596 communiter
635 1565 799 1605 optasse,
815 1565 856 1595 ut
871 1564 937 1595 dc-

202 1619 319 1651 functi
347 1620 415 1651 sub
448 1621 552 1652 terra
578 1619 655 1651 levi
692 1618 937 1661 quiescerent,

202 1676 407 1708 notavimus
430 1676 476 1708 ad
499 1675 632 1718 111,13,
652 1674 727 1716 76.;
762 1676 870 1714 atque
893 1682 938 1705 o-

201 1731 322 1763 mnino
344 1732 519 1772 sepulcra
547 1731 644 1771 apud
668 1732 816 1762 veteres
837 1738 937 1760 sum-

202 1794 259 1818 mo
283 1787 421 1819 honore
443 1784 683 1818 habebantur.
739 1785 832 1816 Hine
854 1784 938 1816 vio-

200 1840 293 1873 latio
316 1849 454 1873 summa
483 1840 701 1882 religionum
731 1841 828 1880 erat,
857 1846 935 1871 cum

204 1898 390 1928 contemtu
429 1896 591 1928 cinerem
621 1896 846 1927 mortuorum
877 1897 938 1926 aut

202 1952 377 1993 sepulcra
397 1951 548 1991 pedihus
572 1951 736 1991 calcare,
762 1951 825 1980 aut
847 1949 939 1980 iram

205 2008 243 2040 et
265 2006 462 2039 vindictam
489 2005 589 2037 saxis
620 2013 664 2036 ea
691 2005 852 2044 petendo
878 2006 938 2036 at-

204 2070 274 2104 que
307 2062 488 2094 laedendo
524 2060 728 2092 declarare.
793 2059 940 2092 Merkel

205 2120 335 2150 narrat
365 2119 409 2150 de
440 2115 687 2158 petulantibus
718 2114 857 2156 pueris,
880 2114 940 2155 qui

204 2175 303 2208 saxis
326 2172 551 2216 sepulcralia
571 2174 802 2204 monumenta
833 2171 938 2211 pete-

206 2232 299 2263 rent.
309 2229 354 2268 (l)
367 2229 449 2262 vid.
461 2229 618 2268 interpp.
631 2228 677 2258 ad
688 2227 778 2258 Hor.
791 2225 854 2258 Od.
868 2225 939 2266 111,

207 2289 243 2329 3,
266 2286 339 2329 40.,
359 2284 485 2326 Eurip.
509 2284 647 2317 Electr.
670 2292 706 2314 v.
729 2281 820 2322 327„
835 2281 938 2311 Hom.

208 2344 252 2376 ll.
275 2343 342 2385 IV,
367 2341 441 2373 177.
466 2356 508 2362 -
531 2340 624 2381 1un.,
645 2337 806 2378 Pirckh.‚
821 2337 877 2368 V1
894 2344 938 2367 a-

207 2400 248 2433 lii
281 2399 430 2439 Heius„
472 2397 556 2437 seg.
591 2403 613 2426 a
648 2394 678 2426 1.
708 2402 753 2426 m.
785 2390 940 2434 premis,

208 2456 303 2497 quod
332 2453 412 2486 sine
447 2458 579 2484 caussa
601 2450 741 2482 induxit
763 2450 941 2480 Burman-

210 2519 288 2542 nus.
346 2510 452 2540 Bern.
481 2504 572 2548 quid
607 2503 753 2537 cineres
789 2505 942 2537 nostros

211 2591 221 2600 .
245 2590 254 2599 .
280 2589 289 2598 .
311 2562 466 2605 premis.

253 2641 390 2675 Busta.
443 2641 550 2673 Serv.
583 2641 630 2672 ad
663 2639 766 2680 Virg.
801 2639 845 2670 A.
878 2637 942 2678 XI,

210 2699 287 2731 185.
332 2698 432 2738 Pyra
455 2699 510 2728 est
531 2696 713 2737 lignorum
738 2694 942 2739 congeries3

211 2761 329 2795 royac
359 2762 463 2794 quum
494 2753 626 2783 ardere
654 2748 824 2818 toe'perit
851 2748 944 2782 dici-

212 2811 293 2851 tur3
318 2807 464 2841 bustum
487 2816 577 2840 vero
595 2807 664 2839 iam
687 2807 850 2838 exustum
875 2813 943 2836 vo-

213 2864 329 2899 catur.
373 2864 459 2906 Seg.
485 2863 583 2896 bello
606 2863 697 2895 tunc
719 2869 813 2893 cum.

1640 533 1727 583 ,30

1044 687 1100 720 27.
1136 685 1191 719 Et
1219 686 1327 720 idem.
1378 684 1546 719 Heinsius
1577 692 1625 717 ex
1655 692 1726 717 uno

1001 742 1086 775 Vat.
1109 742 1156 785 1.,
1179 743 1237 775 cui
1258 743 1402 776 accedit
1429 742 1572 784 Guelf.,
1590 740 1726 782 primus

1001 799 1142 840 recepit
1160 799 1208 831 ἀι
1226 797 1336 831 idem.
1381 797 1558 840 Optimam
1578 795 1729 837 praebet

1001 854 1219 887 sententiam
1237 853 1423 894 scriptura
1453 853 1556 885 codd.
1582 855 1620 885 et
1638 852 1727 884 vett.

1004 910 1098 941 edd.:
1123 908 1303 940 Hector
1324 908 1431 940 erat
1453 908 1562 939 tunc
1581 931 1591 939 .
1608 930 1617 939 .
1637 928 1661 949 .,
1685 906 1730 938 et

1000 964 1120 998 idem
1156 963 1262 1006 ille,
1306 970 1390 996 cum
1429 963 1650 995 traheretur
1683 962 1730 994 ab

1000 1018 1286 1061 Achillisequis,
1307 1027 1399 1051 non
1422 1017 1726 1050 eratHector.

1001 1095 1042 1101 —
1072 1077 1149 1110 Pal.
1178 1076 1230 1118 2.,
1261 1075 1381 1120 Guelf.
1410 1076 1449 1107 et
1481 1082 1570 1107 unus
1598 1073 1729 1112 Medic.

1001 1133 1182 1166 certaret.

1044 1198 1100 1230 28.
1138 1196 1360 1229 Tractus—
1377 1204 1480 1238 equo.
1527 1197 1624 1228 Unus
1647 1195 1731 1227 Me-

1002 1252 1086 1293 dic.,
1106 1251 1362 1285 Guelf.a1.m.
1385 1250 1543 1284 vinctus.
1587 1251 1674 1282 Vat.
1699 1249 1728 1281 1.

1002 1309 1039 1339 et
1061 1307 1140 1339 Pol.
1164 1307 1195 1339 1.
1218 1307 1340 1340 victus
1362 1310 1413 1348 (q.
1435 1315 1468 1339 e.
1491 1306 1655 1342 vinctus)
1679 1304 1731 1336 ad

1002 1361 1283 1395 Haemonios—
1294 1370 1415 1404 equos.
1474 1360 1603 1393 Victus
1625 1360 1733 1395 etiam

1001 1419 1077 1450 Pal.
1100 1419 1132 1450 2.
1145 1419 1295 1461 —Put.,
1317 1419 1466 1459 Franc„
1482 1417 1560 1449 Pol.
1579 1417 1626 1458 2.,
1649 1416 1732 1447 xlx

1002 1474 1141 1514 Heins.,
1170 1473 1283 1515 Busl.,
1314 1474 1460 1514 Dresd„
1488 1472 1568 1505 Bel.
1587 1480 1613 1503 a.
1635 1471 1665 1503 1.
1688 1479 1733 1502 m.

1003 1532 1040 1562 et
1061 1529 1183 1562 Berol.
1207 1529 1350 1561 vectus.
1396 1527 1540 1568 Reliqui
1562 1527 1665 1559 codd.
1689 1534 1732 1557 o-

1002 1593 1103 1618 mnes
1125 1587 1162 1617 et
1184 1586 1276 1617 vett.
1287 1585 1367 1616 edd.
1379 1582 1532 1615 tractus
1544 1581 1591 1613 ab
1603 1581 1734 1613 Haem.

1003 1649 1159 1682 —equa
1205 1638 1368 1680 Intelligi
1390 1647 1463 1671 non
1485 1638 1628 1678 potest,
1652 1636 1733 1677 quid

1003 1696 1116 1737 aliud,
1129 1702 1234 1736 quam
1250 1693 1447 1735 singularis
1466 1691 1626 1724 novandi
1644 1699 1733 1732 pru-

1003 1752 1084 1793 rIgo
1124 1750 1310 1783 Heinsium
1340 1747 1531 1781 commorit
1558 1748 1604 1778 ad
1636 1747 1734 1787 opti-

1003 1815 1096 1839 mam
1119 1806 1336 1847 scripturam
1359 1803 1513 1836 tractus
1542 1803 1735 1843 expellen-

1004 1863 1095 1895 dam.
1147 1864 1202 1894 Ac
1234 1863 1428 1903 praeterea
1449 1856 1643 1900 singularis
1666 1866 1736 1890 nu-

1004 1927 1142 1951 merus:
1166 1915 1371 1949 Haemonio
1386 1923 1491 1957 equo,
1501 1914 1734 1947 librariorum

1006 1975 1145 2007 deliciis
1169 1981 1295 2013 parum
1318 1970 1444 2003 similis
1467 1971 1534 2002 est.

1049 2029 1203 2068 Hector,
1236 2026 1452 2059 fortissimus
1480 2024 1614 2056 Priami
1635 2025 1734 2057 filio-

1004 2095 1099 2127 rum,
1121 2081 1358 2116 firmissimum
1371 2079 1612 2112 Troianorum
1624 2085 1735 2120 prae-

1004 2141 1132 2172 sidium
1177 2132 1308 2170 contra
1359 2142 1447 2175 opes
1495 2135 1735 2178 Graecorum,

1005 2195 1149 2228 Troiam
1173 2190 1421 2225 obsidentium.
1458 2187 1526 2231 Qui
1541 2197 1644 2230 quum
1662 2191 1734 2222 Pa-

1007 2250 1178 2291 troclum,
1187 2246 1419 2279 fort1ssimum
1431 2246 1594 2287 heroem,
1604 2245 1732 2277 Achil-

1005 2307 1049 2339 lis
1083 2304 1220 2337 socium
1254 2305 1291 2334 et
1324 2301 1475 2334 amicum
1506 2302 1555 2343 (Ι,
1586 2301 1622 2342 9,
1647 2302 1735 2343 30.),

1007 2359 1216 2399 occidisset,
1232 2357 1269 2388 in
1290 2356 1434 2397 proelio
1458 2356 1504 2388 ab
1519 2356 1663 2388 Achille
1678 2356 1735 2388 in-

1008 2416 1183 2448 terfectus
1209 2413 1332 2445 currui
1353 2412 1524 2453 alligatus
1548 2414 1585 2444 et
1604 2412 1735 2444 contu-

1007 2470 1256 2502 meliosissime
1293 2468 1393 2500 circa
1431 2468 1554 2500 urbem
1591 2469 1629 2499 et
1661 2467 1734 2498 Pa-

1008 2526 1337 2565 troclisepulcrum
1352 2525 1516 2564 raptatus
1535 2525 1600 2556 est.
1629 2522 1734 2555 conf.

1009 2582 1076 2623 IV,
1100 2583 1136 2623 3,
1168 2582 1221 2612 30.
1253 2581 1290 2611 et
1317 2580 1367 2622 V,
1396 2579 1432 2621 4,
1467 2579 1521 2613 11.
1566 2580 1668 2611 Hom.
1691 2579 1735 2610 11.

1010 2639 1107 2671 XVI.
1131 2639 1167 2669 et
1188 2636 1318 2668 XXIV.
1327 2657 1341 2677 ,
1369 2635 1475 2675 Virg.
1500 2635 1543 2666 A.
1565 2636 1598 2675 Ι,
1621 2634 1658 2675 4,
1679 2634 1734 2666 83.

1010 2711 1054 2715 —
1068 2690 1262 2723 Haemonii
1284 2690 1366 2732 equi
1386 2692 1470 2722 sunt
1485 2689 1636 2721 Achillis
1656 2688 1736 2720 sive

1011 2748 1177 2780 Achillei.
1236 2748 1326 2780 Nam
1356 2746 1516 2778 Achilles
1546 2744 1638 2777 filius
1669 2744 1737 2776 fuit

1011 2802 1125 2844 Pelei,
1149 2804 1246 2844 regis
1269 2802 1453 2834 Phtiotidis
1480 2801 1518 2833 in
1540 2800 1737 2833 Thessalia.

1012 2861 1114 2892 Hom.
1147 2859 1213 2899 11.,
1243 2858 1363 2891 Strab.
1394 2857 1452 2889 lx.
1482 2865 1516 2896 p.
1546 2856 1736 2890 267—69.
