1846 3146
188 170 290 220 318

1495 44 1575 99 4.,

450 168 507 217 Ρ.
543 166 766 218 OVIDH
801 162 1117 216 NASONIS
1151 162 1496 215 TRISTIUM

191 293 355 357 thue
390 292 519 340 sitim
552 293 721 338 nostro
755 290 918 356 possis
952 288 1158 355 explere
1192 301 1382 346 cruore,
1418 330 1419 333 ,

260 375 547 438 Quantaque
581 374 678 433 viS,
712 372 864 422 avido
899 371 1080 437 gaudia
1113 369 1266 419 corde
1299 369 1457 418 feras:

191 459 296 507 Tot
328 457 456 506 mala
490 475 594 506 sum
626 456 823 522 fugiens
856 455 1053 516 tellure,
1090 458 1164 502 tot
1196 468 1410 518 aequore
1442 466 1657 519 passae),

260 541 339 589 Te
375 555 566 605 quoque
600 545 653 589 ut
685 539 866 589 auditis
899 553 1048 605 posse
1084 537 1257 586 dolere
1290 540 1466 602 putem.

1659 532 1725 583 60

196 621 365 673 Crede
399 624 530 684 mihi,
565 625 612 672 si
644 625 709 673 sit
742 623 884 673 nobis
919 622 1131 673 collatus
1165 619 1360 679 UlixeS‚

262 707 485 773 Neptuni
517 707 673 754 minor
707 710 798 767 est,
836 722 975 771 quam
1007 706 1148 753 Iovis
1181 705 1256 750 ira
1282 701 1397 750 suit.

195 789 347 854 Ergo*
371 791 644 854 quicunque
680 804 750 850 eS‚
786 788 1071 838 rescindere
1107 786 1313 836 'crimina
1339 784 1459 844 noli,

262 873 438 938 Deque
473 874 620 938 gravi
656 872 804 922 duras
838 872 1049 922 vulnere
1082 869 1208 919 tolle
1240 884 1466 927 manus;·.

197 1021 281 1065 quis
311 1023 422 1065 ades,
463 1023 515 1055 uti
549 1022 655 1055 etiam
684 1033 720 1055 v.
753 1024 806 1056 65.
842 1031 933 1056 unus

197 1077 365 1121 quisquis
388 1078 490 1111 ades.
539 1078 613 1111 Sed
635 1077 686 1110 nil
707 1080 932 1110 movendum.

199 1137 264 1170 Sic
286 1137 357 1178 111,
370 1135 428 1177 12,
439 1134 494 1167 43.
507 1132 674 1176 quisquis
689 1132 723 1166 is
741 1141 790 1165 es.
821 1134 932 1166 Mart.

199 1194 270 1235 111,
294 1192 325 1224 1.

263 1255 331 1284 1100
355 1254 422 1290 tihi,
446 1252 592 1292 quidquid
621 1253 653 1280 id
677 1254 734 1286 est,
760 1249 934 1286 longinquis

600 1296 695 1324 mittit
712 1296 749 1324 ab
768 1295 841 1324 oris.

198 1366 243 1400 Si
272 1366 364 1410 quid
391 1365 433 1399 id
461 1366 519 1399 est
551 1365 659 1399 Trist.
693 1366 768 1408 IV,
799 1365 865 1408 10,
903 1366 934 1398 ¹7.

199 1422 339 1456 BURM.
385 1423 486 1456 Gott.
509 1420 717 1464 quicunque
740 1428 789 1452 es.

244 1489 374 1523 Redit.
419 1488 525 1521 Libri
546 1485 649 1520 redit
670 1496 739 1528 pro
752 1487 851 1528 vulg.
869 1493 935 1517 ve-

199 1543 268 1578 nit.
313 1546 426 1578 Vere.
473 1542 583 1577 0101.
628 1543 705 1576 Pal.
729 1543 761 1574 2.
787 1543 825 1574 et
847 1542 936 1573 vett.

201 1602 282 1634 edd.
306 1599 421 1633 venit.

248 1681 302 1713 57.
338 1676 468 1711 Possis
503 1677 673 1718 explere.
726 1676 817 1717 Reg.
844 1682 937 1715 pos-

202 1742 273 1767 ses.
309 1731 520 1768 Sententiae
544 1733 636 1764 ordo
661 1733 733 1763 est:
765 1730 813 1762 Ut
828 1731 865 1762 et
882 1728 938 1761 si-

203 1789 272 1823 tim
292 1790 416 1822 tuam.
429 1812 436 1820 .
449 1810 478 1830 .‚
498 1788 535 1820 et
555 1790 630 1826 (ut)
653 1787 764 1820 tanta
780 1784 939 1828 qaudia,

205 1845 354 1887 quanta
393 1842 474 1885 vis,
512 1843 625 1876 avido
659 1844 776 1876 corde
807 1842 940 1885 feras,-

203 1901 368 1942 (scitoz)
403 1900 462 1932 tot
493 1901 599 1932 mala
623 1922 633 1931 .
656 1923 666 1932 .
719 1900 808 1932 Exc.
831 1898 940 1931 voss.

203 1956 344 2000 geras)
500 1949 511 1951 “

249 2036 304 2068 59.
343 2031 418 2066 Tot
444 2032 560 2063 mala.
613 2030 718 2065 Conf.
742 2033 775 2073 1,
796 2033 840 2073 ’5,
869 2032 939 2073 47.,

206 2092 238 2133 1,
261 2089 320 2131 11,
343 2088 414 2131 27.,
438 2088 508 2130 IV,
531 2087 567 2129 1,
589 2088 660 2128 55„
689 2086 758 2127 IV,
782 2085 839 2127 10,
863 2085 938 2117 107.

207 2161 250 2168 -
282 2145 329 2177 V.
351 2145 407 2177 60.
439 2143 538 2177 Busl.
567 2142 612 2175 ut
640 2138 792 2174 audisti.
849 2141 938 2182 Reg.

204 2200 326 2242 putes.

253 2276 308 2310 61.
328 2273 400 2318 „si
414 2273 556 2316 Ulioees,
571 2281 679 2316 quem
691 2272 860 2315 Neptuni
876 2271 942 2306 ira

208 2335 261 2374 (1,
284 2333 321 2375 2,
345 2333 411 2374 9.),
433 2329 535 2372 mihi,
564 2337 672 2372 quem
697 2328 858 2371 Auyusti
879 2329 944 2363 ira

206 2388 412 2430 persecuta
435 2386 502 2428 est,
524 2383 577 2417 sit
597 2384 783 2416 collatus.-
818 2383 944 2419 minor

208 2443 274 2476 ira
281 2443 369 2483 Nep
375 2440 454 2474 tuni
467 2440 534 2481 est,
542 2447 655 2482 quam
663 2438 822 2481 Augusti
831 2440 949 2484 fuit.“

210 2497 317 2531 Iovis
345 2505 415 2539 pro
444 2493 616 2538 Auyusti,
648 2495 721 2527 vid.
751 2499 784 2540 Ι,
819 2485 860 2540 5,
890 2498 944 2532 77.

209 2561 325 2596 seqq.,
348 2554 380 2595 1,
403 2551 440 2594 1,
463 2552 516 2584 72.
541 2553 579 2584 et
601 2551 944 2595 passim.·-—Guelf.,

210 2609 358 2650 Erana,
382 2610 506 2651 Rem,
529 2609 629 2651 seg„
650 2608 765 2649 Busl.,
793 2609 878 2641 XIV
900 2616 944 2640 a·

210 2662 252 2696 lii
273 2663 395 2697 Heius.
419 2666 457 2696 et
480 2662 589 2698 Crev.
612 2662 851 2706 Neptunique
871 2662 945 2696 mi-

211 2726 287 2750 nor
309 2726 432 2761 quam.

258 2798 312 2830 63.
352 2795 583 2829 Rescindere
639 2794 803 2829 crimina
856 2794 945 2828 noli.

215 2854 321 2895 Reg„
353 2853 466 2895 Gall„
500 2852 597 2886 Busl.
630 2860 654 2885 a
683 2852 714 2885 1.
748 2860 814 2893 m.‚
853 2852 946 2893 Iun„

1001 1022 1119 1063 Leid.,
1133 1019 1348 1060 exc.Voss.,
1371 1015 1516 1056 PIrckhz
1538 1017 1576 1050 et
1598 1016 1653 1048 ed.
1675 1024 1730 1058 pr.

1001 1077 1124 1110 Heius.
1140 1076 1336 1107 'vulnera'
1365 1073 1556 1105 Accedunt
1570 1071 1672 1122 Mor.
1695 1071 1733 1103 et

1001 1134 1056 1165 111
1077 1132 1140 1164 alii
1162 1131 1282 1163 Heius.
1305 1129 1365 1169 qui
1393 1129 1562 1160 vulnere.
1615 1125 1731 1160 Hein-

1001 1187 1091 1229 sius,
1115 1187 1233 1218 eiecta
1254 1184 1551 1225 reliquorum'tot
1573 1182 1677 1214 codd.
1695 1181 1732 1214 et

1002 1243 1093 1274 vett.
1115 1242 1193 1272 edd.
1215 1240 1401 1281 scriptura
1422 1235 1597 1277 crimina,
1622 1237 1731 1269 rece*—

1001 1296 1054 1338 pit
1076 1296 1249 1336 vulnera,
1269 1294 1384 1328 allato
1404 1296 1534 1328 senec.
1550 1291 1733 1326 Phoeniss.

1001 1361 1038 1384 v.
1049 1351 1124 1384 164.
1141 1349 1307 1382 rescissa
1323 1350 1488 1382 vulnera
1502 1348 1623 1380 multo
1640 1355 1732 1378 san-

999 1406 1122 1449 quine,
1151 1408 1189 1439 et
1217 1406 1318 1438 Flor.
1341 1407 1411 1447 111,
1435 1412 1467 1436 c.
1487 1403 1543 1436 22.
1598 1401 1733 1442 Empe-

1002 1461 1129 1495 dt‘ebat
1151 1468 1240 1502 erqo
1264 1458 1373 1502 quasi
1397 1466 1538 1501 aeqrae
1558 1450 1734 1490 sauciae·-

1002 1525 1072 1560 que
1101 1514 1337 1558 reipublicae
1371 1514 1609 1557 requiescere
1641 1520 1735 1555 quo·-

1001 1574 1282 1614 modocunque:
1305 1579 1352 1602 ne
1373 1570 1537 1602 vulnera
1558 1568 1735 1602 curatio-

1001 1637 1049 1661 ne
1085 1628 1172 1670 ipsa
1209 1625 1532 1660 rescinderentur.
1597 1623 1735 1667 Quibus

1004 1684 1179 1724 exemplis
1208 1684 1390 1724 probatur
1417 1682 1556 1714 vulnus
1586 1679 1736 1713 rescin-

1004 1740 1095 1772 dere
1125 1740 1228 1771 recte
1259 1737 1343 1780 dici,
1374 1737 1419 1769 de
1445 1744 1515 1777 quo
1538 1742 1644 1768 nemo
1668 1736 1738 1768 du-

1004 1795 1107 1828 bitat.
1152 1795 1202 1841 At
1223 1795 1326 1826 recte
1350 1792 1482 1825 dieitur
1495 1791 1618 1834 etiam,
1642 1791 1737 1832 quod

1008 1849 1178 1883 Heinsius
1199 1851 1330 1892 negat,
1359 1846 1578 1880 rescindere
1604 1845 1738 1879 crimi-

1007 1915 1070 1939 na.
1134 1904 1246 1938 Certe
1281 1905 1335 1937 ita
1368 1904 1514 1937 locutus
1549 1904 1606 1936 est
1637 1902 1737 1936 Naso

1007 1963 1096 1996 Met.
1118 1962 1188 1993 XII
1195 1981 1210 2002 ,
1240 1961 1338 2003 543„
1360 1950 1422 1993 ubi
1444 1960 1501 1991 est
1522 1955 1739 1990 rescindere

1008 2018 1144 2051 luctus.
1190 2018 1280 2049 Item
1302 2016 1392 2048 Hor.
1414 2013 1526 2054 Epist.
1549 2014 1587 2055 1,
1617 2011 1653 2055 3,
1683 2013 1737 2045 82.

1073 2101 1455 2112 ————————
1471 2094 1510 2115 an
1527 2087 1606 2115 male
1623 2089 1707 2115 sarta

1074 2135 1178 2164 Gratia
1201 2131 1401 2168 nequidquam
1429 2130 1492 2159 coit
1519 2133 1552 2160 et
1585 2131 1738 2160 rescindi·
1781 2164 1786 2173 ¹

1403 2175 1477 2204 tur?

1007 2231 1129 2280 Quid?
1153 2236 1248 2277 quod
1276 2233 1398 2267 statim
1426 2243 1462 2266 v.
1493 2234 1546 2267 66.
1576 2235 1740 2277 sequitur

1005 2292 1118 2335 facta
1139 2289 1359 2324 cicatricem
1381 2290 1533 2332 ducere,
1557 2290 1618 2322 ubi
1643 2290 1738 2323 male

1007 2348 1101 2381 idem
1123 2347 1291 2380 Heinsius
1321 2354 1343 2379 e
1365 2347 1451 2379 Vat.
1484 2345 1515 2378 1.
1547 2347 1586 2378 et
1613 2347 1666 2378 111
1692 2353 1741 2377 a-

1008 2404 1084 2446 liis,
1106 2404 1232 2445 quibus
1256 2402 1399 2442 accedit
1428 2401 1558 2444 Crem,
1586 2400 1740 2434 novavit

1007 2461 1114 2504 fata,
1157 2461 1221 2493 sed
1248 2458 1359 2501 facta
1383 2457 1646 2490 restituendum
1681 2457 1739 2488 est

1010 2519 1163 2558 propter
1184 2517 1273 2548 vett.
1290 2514 1467 2546 librorum
1484 2512 1738 2545 auctoritatem

1011 2573 1049 2604 et
1070 2571 1224 2612 propter
1246 2571 1335 2603 illud
1366 2569 1499 2610 culpae
1529 2576 1564 2600 v.
1586 2569 1657 2610 65„
1681 2566 1739 2601 cui

1010 2628 1218 2668 respondet.
1262 2627 1314 2667 11,
1338 2623 1429 2666 148„
1450 2625 1517 2665 111,
1540 2626 1576 2667 6,
1599 2625 1653 2658 36.
1689 2625 1740 2657 At

1008 2683 1118 2725 facta
1139 2683 1162 2715 i.
1185 2691 1218 2724 q.
1240 2683 1311 2715 hoc
1342 2682 1440 2714 loco·
1457 2679 1629 2712 crimina.
1675 2680 1739 2713 Sin

1011 2742 1132 2772 autem
1152 2738 1262 2780 facta
1290 2737 1369 2770 sive
1391 2734 1555 2768 crimina
1577 2732 1740 2766 cicatri-

1013 2802 1092 2826 cem
1110 2793 1248 2825 ducere
1272 2794 1342 2826 dici
1357 2794 1493 2834 potest,
1513 2780 1614 2824 chi-te
1632 2790 1740 2823 etiam

1011 2848 1229 2882 rescindere
1246 2857 1301 2881 ea.
1340 2848 1430 2883 Cum
1444 2847 1555 2890 igitur
1577 2856 1662 2881 usus
1678 2847 1740 2881 lo-
