1846 3146
199 184 299 235 202

462 183 520 234 Ρ.
555 182 778 236 0V1D11
812 181 1132 236 NASONIS
1168 183 1513 238 TRISTIUM

197 305 422 372 Suntque
455 320 516 356 ea
549 305 803 357 doctorum
834 309 1150 362 monumentis
1184 308 1334 358 mixta
1359 309 1591 369 virorum,

261 389 644 456 Muneribusque
679 390 854 440 dueum
886 390 1084 458 publica
1117 391 1252 441 facta
1282 395 1468 458 patent·

1608 434 1613 442 .
1627 391 1727 441 420

196 473 348 523 Neve
381 474 656 540 peregrinis
689 477 872 523 tantum
905 473 1146 524 defendar
1180 474 1243 525 ab
1277 476 1422 524 armis
1440 509 1455 535 ‚

262 556 331 605 Et
364 556 611 606 Romanus
641 555 790 607 habet
821 557 972 608 multa
1003 560 1174 608 iocosa
1205 557 1347 609 liber.

197 705 295 747 cepit
317 704 497 743 Heinsius.
541 708 598 740 Ac
611 708 857 740 memorantur
869 708 928 741 fe-

196 761 315 794 minae
347 762 505 805 multae,
551 769 644 803 quae
684 763 845 796 obscena
883 771 930 796 ac

197 818 318 859 turpia
349 817 597 859 composuisse
616 819 839 851 traduntur:
873 817 929 850 A-

195 873 400 912 styanassa
414 872 531 911 (Suid.
554 873 591 905 in
612 883 647 906 v.
664 876 701 906 et
714 874 805 907 Plin.
822 875 865 907 Η.
886 874 930 907 Ν.

195 930 361 962 XXVIII.
385 937 416 962 c.
439 930 504 971 7.),
514 927 710 962 Philaenis
732 930 930 972 Leucadia,

197 987 235 1019 et
257 984 504 1027 Elephantis,
537 993 690 1027 quarum
714 988 822 1019 erant
844 993 929 1019 car-

197 1041 294 1073 mina
317 1042 362 1073 de
392 1039 504 1073 variis
534 1042 749 1075 concubitus
778 1043 930 1084 generi-

198 1097 264 1129 bus
300 1097 495 1134 (Athenae.
534 1096 633 1129 VIII.
670 1105 702 1130 c.
738 1099 769 1131 3.
799 1100 837 1131 et
869 1099 930 1141 V.,

196 1153 456 1193 Iust.Martyr.
476 1153 585 1194 Apol.
608 1155 651 1195 1.,
674 1155 774 1187 Suet.
798 1154 874 1186 Tib.
899 1161 929 1185 c.

196 1208 267 1251 43„
290 1208 453 1242 Martial.
475 1210 559 1251 XII,
578 1209 666 1252 430,
685 1208 779 1241 Lais
789 1211 825 1242 et
835 1208 927 1240 Sal-

194 1272 244 1305 pe
266 1266 374 1302 (Plin.
398 1265 529 1297 XVIII.
554 1273 586 1297 c.
609 1265 641 1297 7.
665 1266 703 1298 et
719 1264 805 1306 19.),
828 1263 926 1296 Nico

196 1320 333 1363 Samia,
356 1319 580 1354 Callistrate
601 1320 734 1354 Lesbia
746 1320 924 1360 (xenoph.

198 1377 307 1408 Mem.
338 1377 444 1409 Socr.
477 1378 538 1419 ΙΙ.,
559 1377 690 1410 Athen.
724 1375 803 1417 V.),
826 1376 930 1407 aliae.

198 1432 337 1465 Verum
361 1440 443 1464 cum
465 1432 498 1463 h.
521 1432 547 1464 l.
570 1433 615 1464 de
636 1430 742 1474 viris,
769 1431 828 1472 qui
851 1433 930 1464 tur-

197 1487 259 1529 pia
269 1487 500 1529 scripserint,
508 1488 654 1529 agatur,
662 1495 768 1528 quum
776 1487 931 1520 omnium

197 1550 316 1584 prope
340 1544 431 1575 vett.
455 1543 633 1575 librorum
656 1550 853 1575 consensus
870 1544 930 1574 tu-

196 1601 304 1631 eatur
327 1598 497 1639 optimam
520 1598 740 1640 scripturam
766 1605 834 1629 nec
857 1595 932 1639 qui,

201 1663 309 1695 quum
334 1654 487 1695 denique
509 1661 556 1686 ne
588 1653 678 1686 illud
702 1652 842 1694 quidem
863 1660 930 1684 ex-

198 1711 383 1751 ploratum
412 1710 480 1752 sit,
515 1717 562 1740 an
585 1707 755 1742 mulieres
779 1719 932 1752 unquam

197 1766 328 1798 exsilio
370 1766 443 1798 sint
471 1765 668 1806 multatae,
706 1765 934 1798 restituenda

200 1824 257 1855 est
278 1821 465 1863 scriptura
487 1829 556 1853 nec
575 1819 650 1862 qui.
695 1823 822 1863 Neque
840 1830 932 1855 vero

199 1878 393 1909 defuerunt
415 1876 500 1918 viri,
518 1877 577 1917 qui
600 1877 690 1908 talia
713 1877 934 1909 cecinerunt.

199 1934 386 1967 Laudatur
419 1939 443 1964 a
465 1933 577 1964 Suida
599 1932 745 1964 Paxami
768 1928 932 1964 δωδεκά-

197 1997 340 2030 τεχνον,
371 1988 408 2020 in
431 1996 501 2028 quo
529 1987 561 2019 is
592 1987 710 2028 egerit
750 1983 833 2028 περὶ
876 1985 933 2018 αἰ-

198 2040 315 2085 σχρῶν
344 2038 547 2085 σχημάτων.
591 2042 675 2075 Vid.
706 2043 814 2075 etiam
837 2043 933 2078 Mei-

198 2099 319 2131 necke
353 2100 397 2131 de
428 2098 672 2140 Euphorione.
727 2099 854 2141 Barth,
891 2100 931 2131 ut

198 2155 311 2198 solet,
334 2154 370 2187 in
393 2163 460 2187 suo
483 2161 524 2186 se
547 2154 626 2187 cod.
656 2153 839 2194 reperisse
861 2153 930 2185 fin-

197 2210 253 2252 git
284 2218 359 2242 non
394 2210 494 2243 tacet
521 2208 638 2242 Aena.
683 2207 931 2242 Adversario-

199 2274 279 2299 rum
304 2274 335 2299 c.
360 2268 392 2298 5.

243 2343 318 2376 419.
352 2341 618 2384 Monumentis,
651 2341 764 2375 libriS.
828 2342 931 2374 Pont.

200 2400 232 2440 I,
259 2397 293 2440 1,
316 2400 348 2431 5.

264 2462 390 2490 Publica
414 2469 474 2490 non
498 2463 612 2491 audent
635 2461 716 2490 inter
733 2463 934 2491 momumenta

598 2506 715 2536 venire.

199 2580 297 2614 Vett.
331 2580 436 2622 edd„
481 2579 558 2611 Pal.
588 2577 620 2610 1.
655 2576 784 2618 et=2.,
817 2576 932 2619 Gall„

201 2636 312 2678 Busl.,
334 2637 426 2676 Iun.,
455 2634 598 2675 Berol.,
628 2632 737 2666 Crev.
765 2631 856 2663 sunt
877 2639 931 2663 ea.

200 2708 243 2715 —
266 2692 349 2724 Vat.
383 2691 436 2732 1.,
470 2690 547 2722 Pal.
569 2690 617 2730 2.,
653 2689 781 2721 Dresd.
804 2696 872 2728 pro
896 2697 930 2720 v.

200 2756 272 2781 scr.
297 2749 335 2779 et
358 2746 479 2779 Guelf.
497 2744 614 2777 temta.
660 2743 759 2776 Leid.
771 2740 932 2782 scripta.

246 2825 323 2857 420.
356 2821 649 2862 Muneribusque
672 2819 816 2851 ducum.
851 2817 932 2849 Pri-

203 2889 279 2916 mus
304 2879 423 2920 Sulla,
446 2878 504 2919 qui
536 2876 790 2909 bibliothecam
819 2874 931 2907 Athe-

994 708 1169 742 niensium
1180 716 1203 741 a
1214 707 1407 742 Pisistrato
1423 704 1621 748 conditam,
1642 705 1728 738 item

995 765 1220 806 Apelliconis
1257 759 1487 803 abduxerat,
1531 761 1727 793 bibliothe-

996 828 1075 853 cam
1120 828 1222 853 suam
1265 818 1414 860 publico
1459 816 1540 850 usui
1571 815 1726 857 aperuit.

997 875 1073 909 Cic.
1102 877 1148 908 ad
1179 876 1255 909 Att.
1283 874 1346 908 IV.
1376 873 1430 906 10.
1439 894 1454 915 ,
1487 872 1609 907 Sti-ab.
1632 871 1729 904 XIII.

995 939 1031 972 p.
1055 930 1132 964 419.
1175 932 1273 975 Idem
1294 929 1384 962 fecit
1405 930 1447 963 L.
1469 929 1645 962 Lucullus
1667 929 1728 962 vi—

998 987 1058 1018 cto
1081 986 1292 1019 Mithridate
1314 985 1425 1023 (Plut.
1440 984 1591 1018 ‘LuculL
1609 993 1640 1017 c.
1654 985 1729 1022 42.)

997 1042 1036 1073 et
1063 1042 1114 1074 M.
1148 1041 1340 1074 Terentius
1374 1041 1510 1074 Varro.
1568 1040 1643 1074 Cic.
1681 1041 1728 1079 ad

997 1096 1078 1129 Div.
1101 1098 1162 1129 IX.
1184 1097 1216 1129 4.
1266 1097 1421 1130 Primam
1450 1096 1572 1128 autem
1594 1093 1729 1126 biblio-

997 1153 1139 1185 thecam
1159 1151 1339 1193 pubIIcam
1361 1159 1396 1183 a.
1419 1153 1461 1184 U.
1491 1151 1532 1185 C.
1553 1149 1729 1184 Dccxv.

995 1212 1080 1248 post
1113 1207 1328 1249 triumphum
1358 1206 1599 1240 Dalmaticum
1636 1215 1730 1240 con-

993 1263 1083 1295 didit
1110 1263 1259 1296 Asinius
1289 1261 1409 1295 Pollio
1448 1262 1487 1294 in
1520 1263 1616 1296 atrio
1649 1263 1730 1296 sive

990 1318 1137 1359 porticu
1158 1317 1284 1359 templi
1306 1316 1506 1351 Libertatis
1532 1317 1572 1349 in
1607 1318 1730 1349 monte

997 1374 1190 1406 Aventino.
1245 1372 1336 1404 Plin.
1366 1372 1410 1405 N.
1433 1373 1476 1405 Η.
1499 1373 1580 1406 VII.
1605 1381 1636 1405 c.
1660 1372 1731 1415 31.,

998 1431 1097 1463 Suet.
1122 1430 1200 1462 Oct.
1225 1437 1255 1460 c.
1278 1429 1348 1471 29„
1382 1429 1510 1462 Isidor.
1539 1430 1603 1463 IV.
1627 1437 1658 1462 c.
1681 1429 1732 1473 4.,

997 1486 1157 1519 Martial.
1192 1486 1241 1526 ΙΙ,
1282 1485 1318 1526 3,
1358 1486 1390 1516 5.
1437 1501 1477 1507 -
1524 1485 1569 1516 A.
1605 1484 1648 1516 U.
1683 1483 1724 1517 C.

996 1541 1185 1575 DCCXXI.
1231 1540 1415 1581 Augustus
1433 1539 1669 1573 Octavianam
1691 1540 1728 1572 in

986 1596 1140 1637 -porticu
1162 1595 1304 1629 sororis
1332 1601 1421 1627 suae
1449 1594 1594 1635 aperuit
1618 1595 1729 1631 (Plut.

997 1651 1166 1683 Marcell.
1202 1659 1234 1684 c.
1269 1651 1347 1691 16„
1381 1650 1481 1682 Suet.
1515 1651 1561 1682 de
1590 1650 1729 1683 Illustr.

998 1707 1155 1739 Gramm.
1186 1715 1217 1739 c.
1251 1706 1346 1747 210,
1376 1706 1414 1736 et
1442 1712 1475 1737 a.
1505 1706 1731 1739 Dccxxvl.

998 1762 1198 1795 Palatinam
1227 1762 1265 1794 in
1296 1760 1430 1801 templo
1453 1760 1634 1801 Apollinis
1657 1762 1730 1794 Pa-

998 1817 1113 1850 latini.
1157 1817 1225 1850 Dio
1250 1816 1289 1852 C.
1313 1818 1407 1851 LIII.
1437 1824 1468 1848 c.
1492 1815 1539 1859 1.,
1573 1816 1733 1858 interpp.

1000 1874 1047 1905 ad
1069 1873 1157 1905 Hor.
1181 1874 1258 1906 Sat.
1282 1873 1316 1916 1,
1350 1872 1408 1915 18,
1437 1872 1506 1914 38.,
1539 1872 1585 1903 ud
1615 1872 1730 1913 Epist.

999 1930 1032 1971 1,
1067 1929 1108 1970 3,
1145 1928 1197 1960 17.
1231 1919 1348 1960 et'ad
1380 1929 1430 1970 11,
1463 1927 1502 1969 2,
1535 1927 1589 1970 32.
1639 1927 1728 1961 vid.
1759 1944 1769 1954 ,

998 1982 1096 2023 Lips.
1127 1983 1171 2014 de
1199 1982 1365 2015 albuoch.
1396 1983 1586 2024 Syntagm.
1621 1974 1652 2014 c:
1682 1984 1731 2024 5.,

999 2039 1124 2078 Poppe
1154 2038 1198 2068 de
1233 2037 1387 2078 privatis
1416 2038 1525 2078 atque
1547 2036 1730 2070 illustrIo-

999 2092 1099 2124 ribus
1122 2092 1277 2133 publicis
1294 2093 1458 2124 veterum
1481 2092 1583 2125 Rom.
1596 2093 1730 2126 biblio-

998 2148 1123 2179 thecis.
1157 2146 1317 2179 Beroliui
1352 2146 1465 2189 1826„
1498 2146 1641 2180 Liirsen
1687 2149 1732 2180 de

997 2203 1146 2244 Templo
1178 2203 1215 2234 ec
1244 2202 1412 2234 Biblioth.
1444 2204 1626 2244 Apollinis
1659 2196 1732 2236 pa-

996 2258 1115 2301 latini,
1137 2258 1396 2299 Franequerae
1411 2258 1508 2291 1719.
1555 2258 1660 2292 conf.
1670 2258 1732 2291 Tr.

998 2315 1065 2357 III,
1090 2314 1125 2357 1,
1148 2315 1201 2347 59.
1225 2321 1321 2355 seqq.
1345 2331 1387 2337 -
1411 2314 1491 2347 Rel.
1513 2322 1582 2356 pro
1600 2309 1726 2347 mser.

998 2369 1161 2402 manent.

1042 2448 1119 2482 421.
1153 2445 1384 2489 Pereyrinis.
1436 2447 1513 2479 Pal.
1545 2445 1576 2478 1.
1614 2452 1730 2486 pere—

996 2503 1141 2547 grinus.
1188 2505 1272 2545 seg.
1294 2501 1435 2535 iterum
1456 2502 1531 2545 def.

1043 2572 1228 2603 Hactenus
1252 2577 1417 2602 caussam
1438 2577 1540 2601 suam
1563 2568 1730 2602 Graeco-

1000 2635 1079 2659 rum
1102 2626 1278 2667 exemplis
1302 2625 1477 2658 defendit:
1501 2631 1597 2655 nunc
1623 2623 1731 2655 etiam

1000 2685 1183 2715 Romanos
1205 2691 1291 2714 suos
1321 2688 1442 2713 rerum
1471 2676 1731 2710 amatoriarum
1783 2714 1797 2726 ⁶

999 2738 1201 2779 scriptores
1247 2736 1395 2776 habere,
1438 2731 1519 2774 pari
1564 2731 1732 2764 doctrina

1000 2797 1108 2835 atque
1134 2793 1324 2825 venustate
1347 2786 1513 2823 ostendit.
1552 2813 1555 2816 ,
1678 2789 1681 2794 ’

1044 2871 1120 2904 422.
1155 2870 1302 2902 locosa.
1359 2867 1439 2901 Vid.
1463 2874 1498 2897 v.
1522 2863 1595 2896 354
1647 2865 1732 2924 'Iun
