1846 3146
151 170 250 221 360

394 170 451 219 Ρ.
488 169 712 220 OVIDII
740 164 1059 253 'NASONIS
1095 166 1448 219 TRISTIUM-

153 291 436 354 „Cornibus
469 292 551 342 hic
584 292 758 342 fractis
792 291 946 359 Yiridi
980 291 1107 342 male
1141 295 1299 341 tectus
1335 291 1396 340 ab
1430 291 1567 353 ulva,-

219 376 477 436 „Decolor
510 378 618 442 ipse
651 392 742 425 suo
777 377 1030 440 sanguine,
1065 374 1268 423 Rhenus
1303 379 1421 423 erat.

152 528 244 569 fuit,
276 527 334 559 cui
365 527 420 558 1V
457 527 809 567 expeditionibus‘ab
833 535 889 558 an.

154 583 331 615 742—45.
356 582 464 620 (hinc
492 581 603 620 olim)
633 582 670 614 in
694 582 890 615 Germania

153 639 262 670 factis
287 639 467 679 rebusque
497 638 693 679 praeclare
723 638 838 679 gestis
867 646 890 670 a

153 697 284 727 senatu
308 687 515 727 Germanici
549 702 679 725 nomen
704 695 889 725 decretum

154 753 220 782 est.
267 750 399 781 Vellei.
413 751 460 781 11.
485 758 516 782 c.
533 750 585 782 97.
595 772 608 791 ‚
632 750 721 781 Hor.
739 749 803 782 Od.
819 750 889 790 1V,

155 806 222 848 14„
235 807 335 838 Suet.
348 806 475 838 Claud.
490 814 520 837 c.
535 805 580 846 1.,
593 804 663 836 Dio
677 804 756 836 XV.
784 802 890 845 Quod

155 870 356 903 cognomen
380 864 510 903 postea
539 861 653 902 gessit
677 859 772 893 filius
797 859 890 901 eius,

155 918 393 950 Germanicus
418 918 571 959 Caesar,
595 925 617 948 a
631 915 777 948 Tiberio
796 916 890 947 ado-

154 977 288 1015 ptatuS.
334 974 449 1006 Tacit.
462 975 554 1006 Ann.
571 975 598 1005 Ι.
620 980 651 1004 c.
673 973 704 1004 3.
719 973 772 1003 33.
789 970 889 1003 'Vel-

153 1030 214 1062 lei.
238 1031 285 1062 11.
311 1038 343 1061 c.
369 1029 421 1061 97.
456 1030 556 1061 Flor.
571 1030 635 1062 IV.
658 1037 688 1060 c.
708 1028 760 1060 12.
790 1028 889 1059 Fast.

154 1088 187 1129 1,
211 1087 288 1120 597.
335 1087 455 1126 Atque
479 1091 524 1116 ea
542 1084 727 1125 pertinent
739 1085 784 1115 ad
798 1092 889 1115 con-

153 1142 331 1173 iecturam
355 1142 400 1175 ab
424 1140 572 1180 Heinsio
588 1140 756 1182 ‘primum
781 1148 890 1172 rece-

153 1199 252 1238 ptam
279 1195 376 1228 tulit.
400 1213 445 1219 --
474 1197 612 1228 Verum
639 1205 704 1228 cur
725 1195 888 1235 scriptu-

152 1261 231 1286 ram
244 1252 520 1285 incertissimam
539 1254 576 1284 et
593 1251 785 1284 obscuram
804 1257 899 1296 cer-

154 1311 216 1341 tae
239 1317 283 1341 ac
306 1309 439 1350 planae
469 1307 644 1349 vulgatae
676 1306 713 1337 et
737 1304 892 1336 omnium

153 1366 244 1397 vett.
266 1364 352 1396 libb.
375 1354 653 1405 praeferamus?
680 1359 892 1391 Restituen-

155 1420 236 1451 dum
259 1408 353 1461 suit,
383 1427 427 1450 ac
457 1418 556 1449 totus
586 1422 716 1447 versus
742 1414 893 1455 capien-

155 1476 222 1507 dus
247 1476 291 1506 de
314 1475 434 1507 Druso
459 1475 565 1514 patre
586 1471 667 1503 sive
690 1471 808 1502 fratre
828 1469 891 1502 Ti-

154 1531 263 1573 berii,
287 1538 360 1562 non
385 1530 429 1561 de
453 1528 527 1563 filio
560 1527 636 1558 eius
660 1525 890 1558 Germanico.

154 1589 210 1621 Ac
247 1587 301 1625 sic
332 1593 474 1628 quoque
510 1582 750 1622 sententiam,
796 1578 892 1620 quod

154 1642 267 1685 poeta
279 1644 438 1683 spectat,
453 1640 572 1673 domui
585 1638 772 1680 Augustae
782 1634 890 1666 blan-

156 1698 240 1741 diri,
265 1707 337 1730 non
362 1698 434 1738 est,
459 1697 553 1741 quod
578 1693 794 1735 explicetur.

199 1762 253 1795 41.
290 1760 477 1794 Cornibus
508 1759 569 1793 ln‘c
594 1760 747 1803 fracti-3.
806 1759 891 1793 Usi-

156 1819 270 1849 tatum
295 1817 496 1859 veteribus,
522 1816 713 1848 fluviorum
738 1817 792 1849 dis
813 1818 892 1849 sive

155 1874 370 1914 imaginibus
404 1872 550 1904 taurina
574 1872 696 1912 capita
717 1875 781 1905 aut
805 1881 892 1905 cor-

155 1937 228 1961 nua
252 1929 426 1960 tribuere.
470 1928 553 1960 vm.
568 1928 740 1959 Sitzman.
755 1930 800 1960 ad
814 1931 894 1962 Ru-

158 1985 212 2016 til.
237 1983 363 2016 Itiner.
388 1985 429 2026 1,
453 1984 528 2015 179.
551 1984 638 2015 Hor.
658 1984 722 2016 Od.
746 1984 814 2024 IV,
838 1983 896 2025 14,

158 2041 212 2071 25.
238 2026 688 2080 tauriformifflufidus,
717 2039 821 2079 Virg.
853 2040 895 2070 A.

104 2111 105 2114 =
156 2095 265 2136 VIII,
288 2095 358 2136 77„
383 2095 442 2126 ubi
462 2094 533 2126 vid.
551 2090 894 2135 serv.,'Aen.v1n‚

158 2152 237 2184 727.
261 2149 477 2191 bicorniyer
500 2148 669 2188 Rhenus,
699 2150 799 2181 Fast.
825 2149 894 2190 111,

160 2206 236 2238 647.
268 2204 448 2248 corniyer
477 2202 696 2245 Numicius,
732 2203 779 2235 al.
838 2204 895 2235 Ac

160 2264 250 2295 nota
274 2263 330 2294 est
352 2261 495 2295 Fabula
518 2259 681 2294 Acheloi.
733 2259 806 2292 Alii
830 2268 895 2291 or-

160 2322 234 2351 tum
259 2327 361 2350 usum
388 2324 469 2348 esse
488 2324 511 2347 a
529 2316 666 2356 mugitu
690 2315 771 2347 sive
795 2323 896 2347 mur-

159 2381 263 2406 mure
286 2381 475 2414 aquarum,
499 2371 533 2403 in
559 2379 663 2412 quam
680 2370 895 2402 sententiam

159 2430 283 2462 schol.
310 2430 354 2460 ad
382 2428 506 2467 Eurip.
527 2426 646 2459 Orest.
665 2435 700 2457 v.
722 2426 819 2457 1373.
840 2417 896 2457 ὅτι

159 2480 399 2526 παραπλησία
422 2480 472 2527 τῷ
495 2477 679 2523 μυκήματι
706 2477 780 2511 τῶν
802 2476 895 2513 ταύ-

160 2550 234 2581 ρων
262 2533 284 2581 ἡ
316 2534 496 2580 α’πήχησις
524 2534 591 2568 τεῦ
627 2527 764 2572 ’ὕδατος
799 2535 900 2568 ποιεῖ

160 2591 199 2629 ἐν
227 2596 305 2632 τοῖς
342 2592 510 2637 σφοδρῶς
549 2587 671 2634 ῥέουσι
704 2592 895 2632 ποταμοῖς.

161 2653 265 2685 conf.
289 2653 393 2682 Hom.
419 2649 460 2680 11.
484 2648 565 2689 XX,
588 2647 664 2678 237.
689 2649 726 2678 et
748 2647 896 2679 Hesiod.

161 2709 260 2738 scut.
272 2715 308 2737 v.
322 2705 397 2737 104.
427 2707 514 2737 'rum
535 2710 673 2735 cornua
690 2704 773 2734 sunt
791 2711 895 2743 sym-

161 2762 282 2794 bolum
308 2761 436 2801 copiae
467 2762 504 2791 ct
532 2757 679 2790 roboris
702 2759 740 2790 et
763 2760 895 2799 poten-
915 2747 923 2752 x

162 2819 245 2850 tiae.
290 2817 373 2849 vid.
397 2815 598 2848 XVinkelm.
623 2813 713 2854 Opp.
738 2812 824 2845 Vol.
848 2813 893 2844 11.

162 2884 193 2914 p.
218 2873 310 2914 547„
347 2871 546 2904 Mitschcrl.
571 2870 614 2901 ad
640 2871 729 2902 Hor.
754 2869 817 2901 od.
843 2869 893 2908 11,

958 525 1016 567 19,
1040 526 1094 557 30.
1139 525 1276 557 Fracta
1290 525 1402 568 igitui-
1418 533 1557 558 cornua
1574 525 1691 567 signi-

957 581 1067 613 ficant
1091 581 1248 612 fractam
1270 583 1370 615 fluvii
1387 583 1466 614 sive
1481 580 1691 612 accolarum

955 636 1168 676 potentiam.
1213 638 1332 670 Porro
1356 637 1445 670 ulva
1464 639 1501 668 et
1516 636 1692 668 arundine

957 691 992 722 di
1035 692 1226 724 fluviorum
1279 693 1447 725 coronati
1494 692 1689 734 finguntur.

955 747 1039 779 vid.
1068 749 1156 780 Met.
1188 748 1263 789 lx,
1298 748 1352 789 3.,
1387 748 1490 789 virg.
1515 749 1558 779 A.
1582 748 1689 789 vm,

956 803 1026 843 33.,
1048 802 1109 834 ubi
1132 802 1204 834 vid.
1227 804 1333 835 Serv.
1379 801 1484 835 Conf.
1496 798 1612 834 Rheni
1623 803 1689 834 de-

958 860 1084 902 script.
1113 859 1209 901 apud
1237 858 1425 892 claudian.
1456 857 1605 891 consol.
1637 856 1688 890 0-

955 916 1054 957 lybr.
1084 926 1120 948 v.
1149 915 1225 948 214.
1254 922 1354 955 seqq.
1397 912 1453 944 Ab
1476 914 1569 944 ulva
1590 913 1691 945 male

957 971 1079 1003 tectus
1101 971 1212 1012 igitur
1241 972 1297 1003 est
1326 971 1535 1011 tegumento
1564 978 1630 1004 suo
1654 959 1692 1003 et

958 1029 1173 1059 ornamento
1201 1025 1362 1057 orbatus.
1413 1024 1557 1058 Novum
1578 1024 1691 1066 igitur

956 1082 1098 1124 signum
1122 1082 1266 1113 fractae
1297 1081 1493 1120 potentiae.
1520 1096 1567 1105 ·—-
1594 1081 1692 1113 Mor.

957 1140 997 1170 et
1021 1138 1123 1170 Rich.
1146 1135 1338 1178 infractis.
1383 1138 1490 1168 Bern.
1510 1136 1632 1168 tectus
1653 1133 1694 1166 in

959 1193 1087 1226 herba.
1145 1194 1235 1234 Reg.
1265 1191 1305 1224 in
1337 1192 1440 1225 ulva.
1494 1190 1615 1224 Berol.
1645 1189 1693 1222 ab

957 1250 1070 1282 ulmo.

1003 1325 1057 1359 42.
1098 1324 1253 1357 Rhenus
1287 1322 1385 1355 erat.
1434 1321 1692 1364 .Vulg..erat.

958 1378 1036 1415 1²01.
1061 1381 1108 1423 1.,
1133 1379 1229 1412 Busl.
1252 1380 1290 1411 et
1312 1378 1405 1411 alius
1424 1377 1509 1412 erit.
1542 1378 1691 1410 Halm.

959 1439 1015 1473 Ac
1039 1437 1258 1479 perelegans
1283 1437 1338 1466 cst
1361 1435 1394 1466 h.
1417 1434 1442 1467 l.
1460 1434 1574 1466 futuri
1589 1441 1694 1466 usus:

959 1492 1076 1535 quasi,
1099 1491 1159 1532 qui
1186 1490 1373 1532 loquitur,
1401 1490 1480 1530 ipse
1506 1498 1581 1522 non
1602 1489 1694 1521 satis

959 1546 1153 1588 intelligat.
1209 1546 1384 1578 Similiter
1408 1545 1581 1578 Germani
1603 1544 1695 1576 dici-

957 1611 1038 1635 mus
1069 1601 1168 1634 diess
1197 1600 1300 1632 wird
1329 1600 1432 1632 wohl
1469 1599 1542 1631 der
1576 1597 1698 1631 Rhein

958 1665 1059 1697 seyn.
1104 1657 1160 1690 Ne
1181 1665 1274 1689 vero
1300 1665 1379 1702 cum
1403 1656 1518 1688 Iahno
1538 1655 1696 1698 dubites,

959 1720 1022 1755 an,
1045 1712 1106 1744 ubi
1136 1712 1384 1753 suspicamur,
1412 1712 1590 1754 futurum,
1618 1717 1695 1742 nou

960 1769 1086 1802 addito
1107 1767 1259 1811 forsan,
1281 1767 1385 1800 haud
1399 1766 1520 1808 dubie,
1539 1767 1697 1809 dicatur,

962 1827 1060 1860 conf.
1081 1826 1135 1868 V,
1157 1828 1194 1868 5,
1218 1826 1249 1858 8.
1272 1823 1419 1862 Aff-A.
1443 1823 1477 1864 1,
1501 1822 1580 1854 228.
1639 1816 1647 1827 “

1027 1900 1085 1929 Hic
1108 1902 1157 1929 est
1180 1898 1369 1934 Euphrates,
1392 1894 1586 1937 praecinctus
1602 1903 1698 1925 arun-

1060 1942 1065 1948 ’
1360 1941 1430 1970 dine
1448 1940 1597 1977 frontem3

1079 1989 1134 2018 Cui
1155 1995 1241 2017 coma
1265 1986 1416 2023 dependet
1437 1986 1570 2020 caerula,
1596 1985 1696 2020 Tigris

1087 2041 1091 2044 ’
1361 2030 1430 2058 erit.

963 2092 1024 2123 ubi
1054 2092 1158 2123 nulla
1189 2092 1246 2122 est
1285 2089 1493 2129 scripturae
1521 2087 1694 2120 varietas.

962 2148 1034 2179 Sed
1066 2149 1184 2179 tamen
1214 2153 1308 2178 vera
1334 2143 1480 2176 videtur
1512 2141 1698 2182 scriptura

963 2201 1128 2233 codicum
1152 2200 1257 2232 erat.-
1281 2198 1352 2240 hic,
1371 2197 1435 2240 qua·
1447 2198 1558 2231 modo
1571 2205 1696 2238 prae-

964 2254 1079 2294 teriit,
1098 2254 1251 2287 Rhenus
1273 2254 1390 2286 erat.
1424 2255 1513 2294 Reg.
1530 2253 1601 2286 ille
1614 2261 1695 2286 suo.

962 2312 1034 2344 Pro
1048 2311 1203 2342 decolor
1211 2310 1310 2357 Goth
1324 2313 1361 2341 et
1371 2317 1462 2340 unus
1475 2309 1605 2341 Medic.
1617 2317 1697 2342 ma-

963 2368 1000 2400 le
1018 2366 1198 2399 discolor.
1245 2365 1414 2396 Decolor
1436 2363 1618 2406 sanquine
1640 2366 1696 2397 est

963 2422 1141 2463 sanguine
1165 2422 1335 2462 infectus,
1358 2420 1573 2462 inquinatus.
1607 2418 1696 2451 Hor.

964 2479 1028 2511 Od.
1052 2479 1104 2520 11,
1128 2477 1162 2520 1,
1188 2477 1240 2509 34.

1029 2567 1062 2572 --
1078 2567 1112 2572 —
1128 2567 1162 2571 —-
1180 2551 1259 2586 quod
1278 2558 1360 2578 mare
1378 2548 1516 2578 Dauniae

1030 2595 1095 2623 Non
1114 2596 1330 2623 decoloravere
1349 2593 1484 2622 caedes?

963 2666 1065 2707 Eleg.
1091 2666 1127 2698 in
1150 2669 1302 2698 mortem
1326 2664 1436 2723 DQi
1458 2672 1493 2696 v.
1517 2662 1591 2695 385.

1028 2741 1150 2769 Rhenus
1171 2743 1199 2768 et
1217 2739 1344 2775 Alpinae
1362 2739 1476 2771 valles,
1501 2738 1533 2765 et
1549 2735 1696 2772 sanguine

1079 2830 1210 2858 Decolor
1244 2789 1481 2855 infectanlggis
1515 2824 1635 2861 Ital-gun
1662 2832 1696 2852 a-

1361 2878 1432 2906 qua.
