1846 3146
455 143 587 242 L1⁰B.
621 191 711 241 111.
761 188 965 241 Eme.
997 187 1114 239 ΧΠ.
1149 186 1298 251 (XI.)

1559 185 1658 238 313

123 311 376 365 subruere
408 317 487 362 est
517 327 672 363 arces-
691 318 743 363 et
773 314 951 362 stantia
983 313 1174 361 moenia
1205 312 1390 360 virtus:

189 395 464 457 Quamlibet
495 397 667 461 ignavi
698 397 1019 462 praecipitata
1050 395 1305 461 premunt.¹

123 479 242 528 Non
264 496 405 541 sum,
453 481 535 544 qui
579 478 779 528 fueram.⁴
845 476 976 537 Quid
1006 479 1200 526 inanem
1233 477 1447 543 proteris
1480 491 1587 527 um-

981 558 1153 610 bram?
1584 557 1652 606 25

189 643 320 704 Quid
351 645 560 710 cinerem
591 644 728 692 saxis
760 642 998 709 bustaque
1029 647 1199 692 nostra
1230 639 1394 709 petis?

128 792 175 835 1.,
186 794 320 837 Ειιειίὶ,
336 794 486 835 Bersm.,
502 794 597 836 Put.,
612 794 725 837 BusL,
741 795 776 828 V
790 795 854 829 alii

124 848 246 883 Heius.
268 852 307 882 et
328 850 385 882 ed.
398 850 534 882 Bonon.
549 848 853 883 cuivis—diser-

124 902 214 934 tum.
254 905 347 936 'fres
370 911 392 936 e
414 905 550 936 nostris
567 903 852 946 quemvis—di-

122 949 275 992 serimh.
297 958 457 1001 Reliqui,
470 968 559 1000 quos
574 955 777 1001 perpaucos
790 969 852 993 ω-

122 1014 279 1056 seputo,
299 1022 381 1047 cum
402 1016 491 1047 vett.
508 1015 604 1056 edd„
615 1017 765 1055 praeter
777 1016 851 1047 Bo-

121 1077 222 1114 num,
250 1068 601 1112 cuivis—disertm
633 1078 727 1111 quae
755 1071 853 1103 scri-

120 1125 232 1165 ptura
250 1124 372 1157 nescio
397 1126 480 1168 quid
499 1125 687 1166 proprium
708 1132 753 1157 ae
775 1126 852 1158 La-

125 1178 237 1211 tinum
270 1180 353 1212 mihi
389 1181 523 1213 habere
560 1181 714 1213 videtur.
795 1183 851 1214 Ac

120 1232 290 1274 frequens
314 1243 359 1266 ea
380 1237 552 1268 attractio
576 1239 642 1269 ωε.
690 1236 851 1269 Notissi-

119 1290 213 1322 mum
242 1290 332 1323 illud
360 1291 597 1324 noi-ananum
618 1294 662 1325 A.
684 1292 723 1323 P.
746 1292 822 1323 572.

182 1376 415 1385 —————
429 1365 632 1394 mediocribus
654 1373 722 1394 esse
744 1365 844 1401 poetis

182 1405 250 1436 non
265 1407 413 1443 homines,
435 1417 495 1438 non
520 1409 561 1442 di,
585 1417 645 1438 nou
664 1417 843 1438 cencessere

510 1454 677 1482 columnae.

117 1517 223 1553 Conf.
246 1522 334 1555 Hor.
357 1523 433 1556 Sat.
463 1525 496 1565 1,
519 1523 557 1566 4,
579 1524 649 1566 39„
672 1525 705 1566 1,
728 1525 764 1566 6,
785 1525 840 1557 25.

114 1575 253 1609 Verum
275 1585 380 1618 quum
402 1577 565 1610 codicum
587 1581 841 1614 auctoritatem

116 1639 221 1671 quam
250 1633 401 1664 maxime
430 1634 598 1679 tuendam
621 1642 702 1666 esse
733 1638 840 1676 pute-

115 1693 215 1727 mus,
234 1682 408 1727 {codicum
438 1691 557 1729 autem
587 1691 625 1722 et
655 1690 785 1722 melior
808 1692 846 1723 et

114 1740 228 1782 louge
250 1742 366 1775 maior
388 1750 474 1783 pars
492 1746 615 1776 teneat
627 1745 846 1785 scripturam

115 1793 314 1837 disertum,
326 1805 500 1838 quumque
518 1806 563 1830 ea
580 1800 764 1840 scriptura
777 1801 845 1832 ob-

113 1850 328 1882 servatione
340 1855 378 1883 et
387 1860 451 1883 usu
463 1853 677 1892 optimorum
684 1855 845 1896 εει-ἰριο-

115 1912 197 1937 rum
207 1905 364 1944 probata
380 1906 428 1938 sit
434 1908 534 1944 (Vid.
541 1909 679 1941 Rudim.
688 1910 846 1942 Gramm.

114 1959 159 1992 L.
170 1960 255 1992 Vol.
266 1961 312 1992 Π.
326 1970 360 2001 p.
375 1961 578 2002 15.,Duker
586 1965 634 1995 ad
645 1964 845 1998 Liv.XL11.

115 2022 148 2046 c.
172 2015 244 2057 3⁶„
266 2016 455 2048 Heindorf.
468 2019 517 2049 ad
538 2020 628 2051 lior.
652 2020 728 2051 sat.
752 2022 784 2061 Ι,
810 2020 844 2062 1,

117 2068 213 2111 19.);
235 2070 455 2111 scripturam
477 2073 594 2105 illam:
617 2082 696 2107 esse
716 2075 844 2109 diser-

116 2124 167 2165 to,
190 2132 283 2166 quae
302 2133 399 2158 nunc
421 2127 574 2169 vulgata
595 2132 668 2172 est,
682 2131 844 2164 retinere

114 2186 190 2210 non
216 2187 295 2212 sum
334 2179 455 2215 aus'uS.
518 2184 666 2217 Merkel
701 2195 843 2227 quoque

116 2232 234 2266 cuivis
247 2235 494 2270 —disertum
529 2255 574 2262 -—
600 2240 646 2272 V.
675 2241 730 2274 22.
765 2244 841 2275 lun.

115 2287 276 2323 vincere.
318 2293 416 2333 Busl.
438 2293 571 2325 solent.

158 2378 213 2410 23.
245 2378 399 2412 Stantia
440 2366 598 2414 moenio.
672 2385 748 2417 Pal.
794 2385 842 2427 1.,

116 2432 252 2476 Guelf„
274 2435 423 2478 Franc.,
446 2438 521 2469 lun.
545 2440 583 2470 et
603 2438 841 2472 XaliiHeins.

115 2488 199 2530 Seg.
223 2492 261 2520 et
284 2488 719 2534 Cremmoeniadstantia.
764 2496 840 2527 Re-

114 2542 204 2583 liqui
239 2545 342 2576 codd.
377 2547 414 2578 et
449 2548 538 2578 vett.
580 2548 659 2579 edd.
696 2549 841 2582 stantia

114 2597 272 2629 noenta.
329 2601 419 2632 Uter
441 2601 636 2634 verborum
659 2605 770 2636 cordo
794 2606 839 2637 ab

115 2651 243 2686 Ovidio
265 2653 328 2695 sit,
356 2655 438 2686 sola
462 2659 550 2688 vett.
571 2656 746 2690 librorum
769 2667 839 2691 au-

115 2708 286 2740 ctoritate
308 2709 496 2742 diiudicari
512 2714 651 2751 potest:
672 2715 839 2755 exempla

114 2769 184 2802 pro
205 2765 360 2805 utroque
390 2765 517 2798 afferri
545 2767 719 2801 innumeri
748 2779 837 2810 pos-

114 2819 208 2849 sunt.
252 2818 356 2852 Conf.
379 2821 413 2861 1,
435 2820 471 2862 8,
493 2821 562 2864 31„
585 2823 672 2854 Hor.
700 2823 764 2857 Od.
787 2826 837 2867 11,

116 2870 174 2913 13,
195 2871 248 2905 18.
269 2889 313 2896 -
335 2875 496 2908 Merkel:
518 2876 664 2909 moenia
680 2878 835 2911 stantia.

962 793 1017 828 24.
1051 791 1266 834 Quamlibet
1296 789 1436 835 ignati.
1498 791 1576 823 Pal.
1606 790 1653 833 1.,

919 845 1061 892 GueIt,
1089 851 1179 883 xvl
1206 849 1346 891 Heius„
1374 847 1472 890 Bel„
1502 847 1651 888 Dresd.,

919 905 1050 948 crem,
1080 905 1178 939 Busl.
1207 912 1231 936 a
1260 903 1291 936 1.
1322 913 1367 936 m.
1398 906 1436 936 et
1458 906 1548 936 vett.
1571 903 1651 933 edd.

917 959 1082 1002 quilibet.
1148 961 1302 1002 Franc.,
1348 960 1453 1000 Put.,
1492 959 1547 990 Vl
1588 957 1653 989 alii

917 1015 1043 1048 Heius.
1069 1016 1107 1047 et
1135 1015 1255 1047 Berol.
1286 1012 1483 1056 quaelibet.
1550 1015 1652 1046 Unus

918 1071 1042 1103 Heius.
1065 1066 1107 1102 et‘
1124 1069 1232 1102 floril.
1254 1069 1376 1101 Berol.
1399 1067 1599 1109 quodlibet.

961 1138 1034 1170 Pro
1072 1136 1253 1177 prmunt
1291 1138 1515 1168 Burmannus
1556 1141 1578 1165 e
1615 1134 1653 1164 11

917 1193 1039 1225 Heius.
1068 1193 1230 1230 (accedit
1259 1191 1386 1228 crev.)
1416 1188 1545 1221 ruunt.
1589 1188 1650 1219 An

918 1247 1039 1280 ieiuna
1071 1249 1192 1281 oratio
1221 1247 1270 1280 sit
1297 1245 1493 1286 subruere,
1515 1242 1647 1284 ruunt,

917 1310 963 1335 ac
985 1311 1069 1335 num
1087 1305 1231 1336 omnino
1245 1305 1348 1336 recte
1361 1301 1517 1341 dicatur,
1526 1306 1648 1339 prae-

918 1356 1081 1398 cipitata
1102 1367 1229 1400 ruere,
1242 1355 1271 1390 s.
1290 1357 1463 1397 deiicere,
1478 1357 1548 1388 hoc
1563 1355 1651 1387 loco

909 1420 983 1445 non
1005 1414 1128 1455 agitur
1135 1425 1148 1456 3
1179 1415 1270 1447 illud
1300 1411 1545 1454 quaerendum
1578 1409 1651 1451 est,

910 1476 958 1500 an
1014 1470 1200 1510 scriptura
1247 1469 1405 1502 *omnium
1455 1466 1652 1503 librorum,

914 1531 1048 1564 praec.
1068 1525 1260 1566 premunt,
1275 1524 1308 1555 h.
1322 1531 1354 1556 e.
1367 1533 1413 1557 ea
1424 1529 1520 1564 quae
1529 1527 1651 1559 prae-

910 1576 1074 1618 cipitata
1107 1582 1213 1623 sunt,
1241 1587 1430 1623 premere,
1465 1575 1651 1611 hostiliter

913 1641 1062 1676 urgere,
1073 1635 1267 1678 infestare,
1274 1646 1347 1669 non
1362 1642 1467 1670 recta
1478 1640 1542 1680 sit;
1554 1641 1649 1680 quod

912 1695 1019 1723 nemo
1042 1691 1228 1723 dubitabit.
1279 1694 1397 1733 Atque
1425 1694 1459 1726 ei
1486 1695 1648 1735 scriptu-

912 1751 978 1775 rae
1007 1748 1094 1785 apte
1121 1747 1321 1787 respondet
1360 1749 1514 1782 verbum
1547 1749 1649 1790 petis

913 1806 1026 1830 versu
1048 1800 1104 1831 26.
1405 1800 1409 1803 '

956 1875 1010 1907 25.
1045 1875 1133 1908 Non
1153 1885 1248 1920 sum,
1270 1877 1338 1921 quc·
1348 1879 1514 1921 fueram.
1557 1880 1645 1914 Vat.

913 1929 967 1972 12,
996 1940 1088 1963 unus
1117 1934 1250 1966 Medic.
1257 1956 1272 1976 ,
1302 1935 1434 1967 Franc.
1464 1939 1502 1969 et
1524 1938 1645 1969 Guelf.

911 1994 986 2018 non
1008 1995 1090 2019 sum
1112 1996 1178 2029 eqo
1202 1990 1312 2031 quod.
1367 1992 1445 2024 Pol.
1476 1993 1508 2025 2.
1539 1995 1576 2025 et
1608 1995 1645 2025 11

911 2043 974 2075 alii
995 2044 1116 2076 Heius.
1139 2052 1320 2077 newsum
1334 2045 1449 2087 'quoa
1496 2049 1573 2080 Pal.
1597 2049 1644 2090 2.,

908 2098 999 2139 Reg.
1022 2100 1060 2130 et
1076 2092 1132 2131 VI
1151 2099 1214 2131 alii
1227 2101 1351 2133 Heius.
1374 2109 1448 2133 non
1471 2109 1551 2133 sum
1576 2110 1643 2143 eqo

909 2153 983 2195 qui.
1039 2155 1135 2196 Put.,
1166 2157 1202 2187 11
1232 2156 1291 2187 alii
1322 2157 1444 2189 Heius.
1475 2160 1513 2190 et
1535 2159 1642 2190 Bern.

907 2218 981 2242 non
999 2218 1065 2252 eqo
1079 2209 1155 2251 qui.
1189 2210 1333 2253 Reliqui
1350 2221 1474 2246 omnes
1494 2216 1532 2246 et
1550 2217 1640 2246 vett.

907 2265 986 2296 edd.
1010 2273 1085 2296 non
1107 2274 1211 2307 sum,
1231 2266 1295 2308 qm*
1315 2267 1358 2310 fi,
1381 2270 1542 2309 quod'in
1564 2280 1641 2303 mm

906 2328 990 2352 sum
1010 2329 1076 2362 eqo
1100 2320 1164 2363 qui
1192 2324 1257 2355 aut
1285 2323 1322 2355 in
1355 2331 1431 2355 non
1467 2333 1549 2358 sum
1573 2335 1640 2368 eqo

906 2375 1007 2417 quod
1029 2384 1108 2408 cum
1130 2379 1335 2410 Burmanno
1368 2381 1528 2412 mutandi
1551 2382 1641 2416 nihil

907 2438 1060 2462 caussae
1083 2433 1200 2474 video.
1246 2435 1366 2474 Atque
1380 2436 1464 2474 apte
1482 2435 1552 2467 sihi
1573 2444 1638 2468 re-

906 2487 1086 2526 spondent
1107 2497 1182 2520 non
1204 2497 1286 2520 sum
1308 2487 1386 2529 qui
1411 2489 1576 2533 fueram,
1599 2496 1638 2526 et

904 2548 970 2572 me
1007 2549 1196 2583 quoque,
1232 2550 1360 2584 quem
1393 2553 1513 2578 noras
1535 2548 1636 2588 olim,

904 2603 978 2626 non
1002 2604 1081 2628 esse
1101 2599 1295 2629 memento.
1332 2599 1437 2632 conf.
1450 2601 1518 2643 tv,
1532 2603 1589 2645 10,
1604 2603 1636 2636 1.

947 2661 1125 2694 Fueram.
1170 2665 1227 2696 Ex
1250 2668 1427 2700 communi
1449 2660 1516 2701 usu
1539 2671 1654 2702 tem--

905 2723 1032 2756 porum
1066 2721 1257 2759 exspectes
1275 2719 1347 2762 fui.
1402 2723 1475 2755 Sed
1498 2725 1633 2766 poetae

903 2769 939 2802 in
959 2772 1024 2803 tali
1034 2774 1235 2806 sententiae
1247 2777 1534 2810 conformatione
1546 2787 1633 2811 cre-

902 2826 970 2858 bro
995 2828 1143 2861 utuntur
1165 2830 1537 2876 plusquamperfecto,
1560 2843 1631 2875 quo

903 2881 1004 2914 notio
1031 2883 1092 2915 rei
1115 2887 1337 2925 praeteritae
1375 2888 1527 2931 gravius
1556 2887 1629 2932 {de-
