1846 3146
151 161 250 211 376
397 160 455 210 Ρ.
491 159 716 211 OVIDII
748 157 1067 211 NASONIS
1101 158 1446 211 TRISTIUM

656 361 1001 411 ELEGIA
1049 362 1166 410 lv.
1231 382 1234 390 ¹

206 478 311 520 Viro,
334 475 535 511 nobilitate
555 476 707 519 yenere's
729 477 842 520 atque
865 475 1098 519 eloquentiae
1121 476 1231 520 fama
1260 473 1410 517 imiym‘,
1439 472 1544 508 cuius
1569 474 1686 517 patre

241 535 362 567 amico
386 541 480 566 usus
500 533 598 573 erat,
620 533 764 575 scribit,
787 533 888 565 sicut
915 531 995 565 vita
1026 531 1143 573 prior
1166 531 1246 565 sine
1268 531 1354 565 labe
1377 532 1488 574 atque
1508 530 1685 573 irrepre-

241 591 358 622 hensa
378 588 512 632 fuerit,
535 588 593 621 ita
613 589 812 630 peccatum
833 596 952 628 suum,
973 595 1044 629 quo
1056 587 1216 629 Auyusti
1238 586 1339 619 iram
1361 585 1577 628 concitarit,
1600 595 1685 619 ma-

239 643 299 686 ye's
324 653 498 676 errorem
522 653 634 686 quam
656 645 780 676 scelus
799 643 931 686 fuisse,
962 642 1091 684 itaque
1115 641 1309 683 Principis
1332 641 1530 674 clementia
1551 650 1591 674 se
1611 640 1685 673 mi-

246 699 322 732 tius
346 699 562 742 Romaeque
581 699 743 742 propius
765 698 940 731 eoesilium
961 706 1134 739 sperare,
1155 697 1336 739 siquidem
1349 696 1501 729 nuncin
1515 697 1686 730 eaetremo

242 754 367 788 Ponto
399 756 437 787 et
465 756 618 790 Boreae
647 753 862 799 frigoribus
889 754 992 787 inter
1017 753 1231 798 feris-simas
1260 754 1388 795 gentes
1407 751 1603 794 proiectus
1623 751 1686 785 ia-

242 810 337 843 ceat.

155 919 200 970 Ο
236 921 333 985 qui,
369 920 640 980 nominibus
676 934 784 968 eum
816 920 886 968 sis
921 933 1192 983 generosus
1225 933 1444 978 avorum,

221 1003 509 1070 Exsuperas
544 1019 727 1052 morum
761 1002 1017 1052 nobilitate
1052 1016 1224 1066 genus,

157 1084 314 1136 Cuius
349 1088 480 1135 inest
513 1088 671 1135 animo
706 1087 851 1152 patrii
885 1084 1115 1134 candoris
1149 1086 1326 1148 imago,

222 1170 342 1219 Non
378 1173 545 1219 eareat
578 1171 748 1218 nervis
784 1167 970 1217 candor
1002 1171 1056 1216 ut
1089 1169 1183 1215 iste
1219 1168 1337 1227 suis,

156 1250 313 1303 Cuius
348 1254 399 1301 in
433 1253 633 1316 ingenio
669 1258 746 1301 est
779 1252 967 1318 patriae
1002 1248 1234 1299 facundia
1273 1248 1487 1313 linguae,
1656 1249 1688 1298 5

224 1335 332 1396 Qua
363 1337 500 1403 prior
533 1337 584 1383 in
617 1335 764 1385 Latio
799 1350 897 1383 non
930 1333 1024 1382 fuit
1057 1332 1162 1382 ulla
1195 1331 1335 1392 foro,
1371 1358 1439 1366 —-

157 1418 303 1480 Quod
338 1420 527 1467 minime
562 1417 718 1478 volui,
754 1419 928 1484 positis
963 1431 1054 1483 pro
1089 1416 1471 1480 nomine‘signis

223 1502 400 1562 Dictus
424 1517 516 1558 es:
552 1503 784 1570 ignoscas
818 1499 1047 1550 laudibus
1081 1500 1189 1566 ipse
1227 1499 1338 1546 tuis.

90 1694 97 1702 =
158 1655 210 1688 ad
231 1654 393 1687 mortem
415 1653 570 1694 ancient,
589 1653 779 1686 contemta
793 1652 891 1684 sunt.

158 1710 249 1743 Plin.
274 1711 340 1751 Ep.
362 1710 417 1742 24.
440 1711 472 1741 5.
496 1708 599 1740 absit
623 1707 816 1749 superbia,
844 1716 892 1740 a-

158 1764 344 1807 speritas,
367 1772 436 1795 nec
459 1761 631 1795 timueris
653 1763 892 1795 contemtum.

158 1821 264 1855 conf.
293 1822 381 1852 Hor.
410 1818 524 1860 Epist.
555 1820 599 1861 1,
627 1819 665 1861 8,
696 1820 786 1862 107.,
802 1821 892 1854 Lu-

159 1884 240 1910 can.
265 1878 316 1917 11,
341 1875 417 1908 514.

201 1930 307 1963 Area
330 1931 414 1962 cata
435 1931 511 1963 Pal.
537 1930 567 1963 1.
574 1953 588 1973 ‚
612 1932 647 1964 V
670 1929 734 1964 alii
755 1928 893 1972 Heius„

158 1988 296 2029 Berol.,
319 1987 465 2027 Dresd„
496 1994 563 2026 pro
588 1996 623 2018 v.
646 1995 719 2018 scr.
749 1986 830 2020 Rel.
854 1988 892 2019 et

161 2043 250 2074 vett.
274 2042 353 2072 edd.
377 2042 464 2073 Her.
487 2042 519 2082 Ι,
543 2042 596 2073 72.

225 2114 265 2143 Et
281 2117 366 2150 patet
383 2114 414 2142 in
433 2122 521 2142 curas
537 2121 610 2142 area
627 2114 688 2141 lata
706 2120 800 2142 meas.

158 2184 302 2227 Reliqui
332 2185 436 2217 codd.
468 2190 592 2218 omnes
622 2190 719 2219 area
742 2188 891 2225 maana,

157 2248 230 2273 non
255 2240 359 2274 male.

387 2343 570 2376 ELEGIA
593 2342 657 2374 1v.

204 2411 234 2445 1.
269 2410 449 2444 Avarum.
519 2410 576 2440 Ita
613 2409 761 2440 veteres
797 2407 892 2448 edd.,

157 2470 280 2510 Rern„
304 2466 441 2508 Guelf.,
465 2466 502 2497 et
525 2463 641 2496 nostri
662 2471 751 2505 sex,
785 2463 892 2494 etiam

159 2523 312 2565 Heinsii,
336 2522 405 2554 nisi
429 2521 522 2562 quod
546 2521 636 2560 Reg.
659 2520 697 2550 et
709 2518 802 2550 alius
823 2525 891 2558 ye-

158 2585 293 2608 nerose
327 2577 490 2608 tuorum.
542 2574 781 2607 Recentiores
811 2575 890 2606 edd.

158 2633 205 2666 ab
229 2632 361 2665 Aldina
385 2634 449 2665 11.:
477 2629 602 2663 avitis.

201 2711 234 2743 2.
259 2709 484 2751 Exsuperas
504 2709 573 2741 etc.
618 2709 721 2740 Pont.
744 2707 776 2748 1,
799 2706 836 2748 2,
858 2705 891 2737 2.

224 2785 265 2814 Et
282 2784 418 2819 geminas
437 2783 528 2811 animi
547 2781 706 2811 nobilitate
724 2788 829 2817 genus.

202 2855 234 2888 4.
268 2853 420 2887 Nervis.
472 2854 600 2893 Rern„
629 2851 705 2884 Pal.
733 2851 780 2892 1.,
803 2851 891 2884 XVI

960 1650 1024 1684 alii
1046 1651 1167 1684 Heius.
1179 1672 1193 1693 ,
1227 1649 1307 1683 Bel.
1338 1649 1376 1682 et
1403 1648 1531 1685 Dresd.
1561 1655 1630 1688 pro
1653 1657 1690 1680 v.

959 1715 1033 1739 sor.
1057 1704 1240 1747 numeri-3,
1267 1700 1362 1747 quod
1381 1702 1566 1746 „sanius-‘⁷‘
1584 1702 1691 1736 vide-

961 1764 1022 1794 tur
1054 1763 1280 1803 But-manno,
1315 1759 1375 1801 qui
1408 1759 1690 1800 interpretatur:

956 1816 1031 1858 „ut
1046 1815 1098 1848 sit
1113 1815 1310 1858 perfectus
1326 1814 1394 1846 ille
1411 1811 1599 1846 candor.“
1615 1803 1692 1846 Re-

962 1874 1020 1904 cte
1044 1872 1152 1904 habet
1175 1872 1212 1903 et
1234 1870 1350 1903 multo
1382 1869 1586 1911 elegantius
1608 1867 1693 1900 mihi

960 1928 1108 1960 videtur
1131 1925 1280 1958 nervis:
1306 1925 1404 1968 „sic,
1437 1925 1480 1956 ut
1507 1922 1580 1955 iste
1606 1923 1693 1955 tum

961 1983 1107 2015 candor
1139 1990 1222 2014 sua
1251 1989 1298 2013 ac
1324 1979 1493 2022 propria
1519 1978 1559 2012 vi
1581 1979 1693 2020 atque

958 2037 1091 2079 m'yore
1120 2046 1194 2069 non
1229 2034 1402 2070 careat.“
1451 2035 1552 2068 Leid.
1572 2032 1691 2066 meri-

958 2092 1019 2124 tis.
1064 2093 1177 2134 Gall„
1199 2092 1320 2124 Berol.
1342 2090 1424 2132 ipse
1450 2088 1541 2122 suis.
1586 2089 1691 2121 Rern.

959 2150 996 2181 et
1020 2148 1128 2182 Crev.
1152 2146 1232 2189 ipse
1256 2145 1340 2178 tuis.
1385 2146 1492 2178 Barb.
1515 2142 1630 2176 vitiis.

950 2258 951 2262 ,
1003 2227 1035 2257 5.
1070 2225 1141 2257 Illa
1170 2222 1276 2256 cuius
1302 2222 1400 2256 inest
1427 2221 1555 2255 animo
1582 2230 1619 2254 v.
1643 2221 1691 2262 3.,

960 2281 998 2314 et
1019 2280 1125 2313 cuius
1153 2279 1192 2311 in.
1222 2277 1489 2321 inuenio—est
1508 2288 1544 2310 v.
1569 2279 1601 2309 5.
1623 2275 1693 2310 sibi

959 2337 1193 2376 respondent.

1001 2389 1187 2431 „Inyenio
1218 2389 1275 2422 est
1300 2389 1377 2422 Pal.
1406 2387 1437 2420 1.
1471 2388 1510 2421 et
1537 2383 1692 2427 plurimi.

960 2447 1052 2479 Nam
1076 2447 1131 2478 111
1157 2448 1292 2478 tantum
1316 2443 1430 2487 ignoti
1453 2443 1491 2475 in
1512 2443 1583 2476 fine
1601 2448 1692 2473 ver-

959 2503 1040 2535 bum
1064 2502 1222 2543 ponunt3
1246 2501 1347 2534 Leid.
1371 2503 1408 2534 et
1430 2500 1463 2533 X
1488 2498 1550 2532 alii
1571 2497 1692 2530 Heius.

960 2559 997 2590 et
1035 2559 1125 2589 vett.
1163 2556 1241 2588 edd.
1284 2565 1436 2598 prorsus
1472 2548 1693 2587 abiiciunt.“

958 2612 1150 2646 Mamm„

1003 2674 1033 2705 6.
1066 2671 1192 2705 Latio.
1245 2671 1328 2706 Vid.
1352 2672 1398 2703 ad
1421 2672 1477 2713 11,
1499 2669 1601 2711 205„
1624 2669 1693 2711 111,

959 2728 1017 2771 13,
1040 2728 1095 2760 24.
1120 2745 1162 2750 —
1185 2727 1285 2761 Leid.
1309 2734 1384 2768 qua
1407 2724 1542 2759 melior
1566 2723 1692 2758 Latio.

958 2785 1043 2826 Seg.
1062 2782 1355 2826 patrio—foro,

1003 2850 1034 2881 7.
1070 2847 1178 2888 Quod
1205 2846 1355 2881 minime
1383 2845 1498 2880 volui.
1552 2848 1593 2879 ln
1614 2853 1692 2879 me-
