<?xml version="1.0" encoding="UTF-8"?>
<!DOCTYPE html PUBLIC "-//W3C//DTD XHTML 1.0 Transitional//EN"
    "http://www.w3.org/TR/xhtml1/DTD/xhtml1-transitional.dtd">
<html xmlns="http://www.w3.org/1999/xhtml" xml:lang="en" lang="en">
 <head>
  <title>
</title>
<meta http-equiv="Content-Type" content="text/html;charset=utf-8" />
  <meta name='ocr-system' content='tesseract 3.04.00' />
  <meta name='ocr-capabilities' content='ocr_page ocr_carea ocr_par ocr_line ocrx_word'/>
</head>
<body>
  <div class='ocr_page' id='page_1' title='image "./tristiumlibriqui00oviduoft_0048.png"; bbox 0 0 1846 3146; ppageno 0'>
   <div class='ocr_carea' id='block_1_1' title="bbox 246 140 1278 214">
    <p class='ocr_par' dir='ltr' id='par_1_1' title="bbox 246 140 1278 214">
     <span class='ocr_line' id='line_1_1' title="bbox 246 140 1278 214; baseline 0.003 -4"><span class='ocrx_word' id='word_1_1' title='bbox 246 160 312 210; x_wconf 86' lang='lat'>10</span> <span class='ocrx_word' id='word_1_2' title='bbox 459 140 463 150; x_wconf 69' lang='lat'>‘</span> <span class='ocrx_word' id='word_1_3' title='bbox 734 161 1278 214; x_wconf 74' lang='lat' dir='ltr'><strong>PROLEGOMENA.</strong></span> 
     </span>
    </p>
   </div>
   <div class='ocr_carea' id='block_1_2' title="bbox 202 284 1815 2238">
    <p class='ocr_par' dir='ltr' id='par_1_2' title="bbox 241 284 1815 774">
     <span class='ocr_line' id='line_1_2' title="bbox 245 284 1762 343; baseline 0.004 -19"><span class='ocrx_word' id='word_1_4' title='bbox 245 284 396 325; x_wconf 90' lang='lat' dir='ltr'>hiemis</span> <span class='ocrx_word' id='word_1_5' title='bbox 423 285 672 326; x_wconf 83' lang='lat' dir='ltr'><strong>Tomitanae</strong></span> <span class='ocrx_word' id='word_1_6' title='bbox 715 284 1042 339; x_wconf 86' lang='lat' dir='ltr'>descriptionem</span> <span class='ocrx_word' id='word_1_7' title='bbox 1079 287 1469 343; x_wconf 88' lang='lat' dir='ltr'>periculorumque,</span> <span class='ocrx_word' id='word_1_8' title='bbox 1513 287 1663 342; x_wconf 88' lang='lat' dir='ltr'>quibus</span> <span class='ocrx_word' id='word_1_9' title='bbox 1703 289 1762 330; x_wconf 89' lang='lat' dir='ltr'>illi</span> 
     </span>
     <span class='ocr_line' id='line_1_3' title="bbox 243 358 1759 416; baseline 0.003 -19"><span class='ocrx_word' id='word_1_10' title='bbox 243 362 406 398; x_wconf 89' lang='lat' dir='ltr'>tractus</span> <span class='ocrx_word' id='word_1_11' title='bbox 434 371 510 412; x_wconf 89' lang='lat' dir='ltr'>per</span> <span class='ocrx_word' id='word_1_12' title='bbox 542 358 723 398; x_wconf 87' lang='lat' dir='ltr'>hiemem</span> <span class='ocrx_word' id='word_1_13' title='bbox 752 359 837 399; x_wconf 91' lang='lat' dir='ltr'>sint</span> <span class='ocrx_word' id='word_1_14' title='bbox 867 360 1063 414; x_wconf 85' lang='lat' dir='ltr'>expositi,</span> <span class='ocrx_word' id='word_1_15' title='bbox 1093 361 1291 401; x_wconf 88' lang='lat' dir='ltr'>continet.</span> <span class='ocrx_word' id='word_1_16' title='bbox 1359 361 1451 400; x_wconf 85' lang='lat' dir='ltr'>Iam</span> <span class='ocrx_word' id='word_1_17' title='bbox 1480 371 1575 400; x_wconf 82' lang='lat' dir='ltr'>cum</span> <span class='ocrx_word' id='word_1_18' title='bbox 1603 373 1660 403; x_wconf 85' lang='lat' dir='ltr'>ex</span> <span class='ocrx_word' id='word_1_19' title='bbox 1685 361 1759 416; x_wconf 89' lang='lat' dir='ltr'>iis,</span> 
     </span>
     <span class='ocr_line' id='line_1_4' title="bbox 242 430 1762 487; baseline 0.002 -18"><span class='ocrx_word' id='word_1_20' title='bbox 242 441 355 483; x_wconf 88' lang='lat' dir='ltr'>quae</span> <span class='ocrx_word' id='word_1_21' title='bbox 384 442 514 484; x_wconf 89' lang='lat' dir='ltr'>supra</span> <span class='ocrx_word' id='word_1_22' title='bbox 544 430 658 471; x_wconf 86' lang='lat' dir='ltr'>dicta</span> <span class='ocrx_word' id='word_1_23' title='bbox 686 436 800 485; x_wconf 90' lang='lat' dir='ltr'>sunt,</span> <span class='ocrx_word' id='word_1_24' title='bbox 830 431 1044 483; x_wconf 84' lang='lat' dir='ltr'>probabile</span> <span class='ocrx_word' id='word_1_25' title='bbox 1063 432 1135 487; x_wconf 87' lang='lat' dir='ltr'>sit,</span> <span class='ocrx_word' id='word_1_26' title='bbox 1166 445 1250 472; x_wconf 92' lang='lat' dir='ltr'>non</span> <span class='ocrx_word' id='word_1_27' title='bbox 1269 432 1380 486; x_wconf 89' lang='lat' dir='ltr'>ipsa,</span> <span class='ocrx_word' id='word_1_28' title='bbox 1411 444 1494 486; x_wconf 86' lang='lat' dir='ltr'>qua</span> <span class='ocrx_word' id='word_1_29' title='bbox 1507 430 1646 473; x_wconf 88' lang='lat' dir='ltr'>Roma</span> <span class='ocrx_word' id='word_1_30' title='bbox 1658 445 1762 486; x_wconf 89' lang='lat' dir='ltr'>pro-</span> 
     </span>
     <span class='ocr_line' id='line_1_5' title="bbox 244 500 1761 558; baseline 0.002 -17"><span class='ocrx_word' id='word_1_31' title='bbox 244 500 387 542; x_wconf 88' lang='lat' dir='ltr'>fectus</span> <span class='ocrx_word' id='word_1_32' title='bbox 416 503 488 557; x_wconf 91' lang='lat' dir='ltr'>sit,</span> <span class='ocrx_word' id='word_1_33' title='bbox 519 502 672 557; x_wconf 92' lang='lat' dir='ltr'>hieme,</span> <span class='ocrx_word' id='word_1_34' title='bbox 703 501 784 543; x_wconf 90' lang='lat' dir='ltr'>sed</span> <span class='ocrx_word' id='word_1_35' title='bbox 811 516 915 543; x_wconf 90' lang='lat' dir='ltr'>vere</span> <span class='ocrx_word' id='word_1_36' title='bbox 945 503 1111 544; x_wconf 91' lang='lat' dir='ltr'>demum</span> <span class='ocrx_word' id='word_1_37' title='bbox 1138 503 1194 544; x_wconf 88' lang='lat' dir='ltr'>ad</span> <span class='ocrx_word' id='word_1_38' title='bbox 1218 504 1441 558; x_wconf 82' lang='lat' dir='ltr'>Scythiam</span> <span class='ocrx_word' id='word_1_39' title='bbox 1470 515 1567 544; x_wconf 89' lang='lat' dir='ltr'>eum</span> <span class='ocrx_word' id='word_1_40' title='bbox 1594 503 1761 544; x_wconf 85' lang='lat' dir='ltr'>adven—</span> 
     </span>
     <span class='ocr_line' id='line_1_6' title="bbox 243 574 1815 629; baseline 0.001 -16"><span class='ocrx_word' id='word_1_41' title='bbox 243 578 389 629; x_wconf 87' lang='lat' dir='ltr'>tasse,</span> <span class='ocrx_word' id='word_1_42' title='bbox 434 587 518 616; x_wconf 90' lang='lat' dir='ltr'>non</span> <span class='ocrx_word' id='word_1_43' title='bbox 556 580 655 615; x_wconf 86' lang='lat' dir='ltr'>ante</span> <span class='ocrx_word' id='word_1_44' title='bbox 697 575 879 617; x_wconf 87' lang='lat' dir='ltr'>hiemem</span> <span class='ocrx_word' id='word_1_45' title='bbox 908 588 946 616; x_wconf 92' lang='lat' dir='ltr'>a.</span> <span class='ocrx_word' id='word_1_46' title='bbox 974 576 1026 617; x_wconf 88' lang='lat' dir='ltr'>U.</span> <span class='ocrx_word' id='word_1_47' title='bbox 1056 575 1105 617; x_wconf 88' lang='lat' dir='ltr'>C.</span> <span class='ocrx_word' id='word_1_48' title='bbox 1146 574 1419 618; x_wconf 87' lang='lat' dir='ltr'>DCCLXIII.</span> <span class='ocrx_word' id='word_1_49' title='bbox 1463 588 1637 621; x_wconf 84' lang='lat' dir='ltr'>carmen</span> <span class='ocrx_word' id='word_1_50' title='bbox 1662 575 1762 616; x_wconf 92' lang='lat' dir='ltr'>illud</span> <span class='ocrx_word' id='word_1_51' title='bbox 1811 576 1815 580; x_wconf 84' lang='lat'>&#39;</span> 
     </span>
     <span class='ocr_line' id='line_1_7' title="bbox 242 646 1759 700; baseline 0.001 -14"><span class='ocrx_word' id='word_1_52' title='bbox 242 646 522 698; x_wconf 86' lang='lat' dir='ltr'>compositum</span> <span class='ocrx_word' id='word_1_53' title='bbox 561 659 663 687; x_wconf 89' lang='lat' dir='ltr'>esse</span> <span class='ocrx_word' id='word_1_54' title='bbox 701 653 890 700; x_wconf 88' lang='lat' dir='ltr'>apparet.</span> <span class='ocrx_word' id='word_1_55' title='bbox 966 648 1034 687; x_wconf 90' lang='lat' dir='ltr'>De</span> <span class='ocrx_word' id='word_1_56' title='bbox 1071 647 1210 688; x_wconf 84' lang='lat' dir='ltr'>hieme</span> <span class='ocrx_word' id='word_1_57' title='bbox 1252 661 1290 689; x_wconf 89' lang='lat' dir='ltr'>a.</span> <span class='ocrx_word' id='word_1_58' title='bbox 1328 646 1601 688; x_wconf 85' lang='lat' dir='ltr'>DCCLXIII.</span> <span class='ocrx_word' id='word_1_59' title='bbox 1631 648 1759 688; x_wconf 86' lang='lat' dir='ltr'>etiam</span> 
     </span>
     <span class='ocr_line' id='line_1_8' title="bbox 241 716 954 774; baseline 0.001 -17"><span class='ocrx_word' id='word_1_60' title='bbox 241 716 518 772; x_wconf 89' lang='lat' dir='ltr'>intelligenda</span> <span class='ocrx_word' id='word_1_61' title='bbox 544 719 614 759; x_wconf 92' lang='lat' dir='ltr'>illa</span> <span class='ocrx_word' id='word_1_62' title='bbox 641 720 717 774; x_wconf 84' lang='lat' dir='ltr'>III,</span> <span class='ocrx_word' id='word_1_63' title='bbox 749 719 817 774; x_wconf 76' lang='lat'>12,</span> <span class='ocrx_word' id='word_1_64' title='bbox 850 719 887 760; x_wconf 92' lang='lat'>1.</span> <span class='ocrx_word' id='word_1_65' title='bbox 915 719 954 759; x_wconf 77' lang='lat'>2.</span> 
     </span>
    </p>

    <p class='ocr_par' dir='ltr' id='par_1_3' title="bbox 326 817 1410 862">
     <span class='ocr_line' id='line_1_9' title="bbox 326 817 1410 862; baseline 0.001 -9"><span class='ocrx_word' id='word_1_66' title='bbox 326 820 484 862; x_wconf 81' lang='lat' dir='ltr'>Frigora</span> <span class='ocrx_word' id='word_1_67' title='bbox 505 817 575 851; x_wconf 88' lang='lat' dir='ltr'>iam</span> <span class='ocrx_word' id='word_1_68' title='bbox 597 818 759 860; x_wconf 85' lang='lat' dir='ltr'>zephyri</span> <span class='ocrx_word' id='word_1_69' title='bbox 780 818 962 862; x_wconf 84' lang='lat' dir='ltr'>minuunt,</span> <span class='ocrx_word' id='word_1_70' title='bbox 985 826 1193 859; x_wconf 89' lang='lat' dir='ltr'>annoque</span> <span class='ocrx_word' id='word_1_71' title='bbox 1214 821 1410 861; x_wconf 83' lang='lat' dir='ltr'>peracto</span> 
     </span>
    </p>

    <p class='ocr_par' dir='ltr' id='par_1_4' title="bbox 369 874 1188 918">
     <span class='ocr_line' id='line_1_10' title="bbox 369 874 1188 918; baseline -0.004 -10"><span class='ocrx_word' id='word_1_72' title='bbox 369 876 534 917; x_wconf 87' lang='lat' dir='ltr'>Longior</span> <span class='ocrx_word' id='word_1_73' title='bbox 555 877 708 918; x_wconf 76' lang='lat' dir='ltr'>antiquis</span> <span class='ocrx_word' id='word_1_74' title='bbox 731 874 811 906; x_wconf 85' lang='lat' dir='ltr'>visa</span> <span class='ocrx_word' id='word_1_75' title='bbox 833 876 990 908; x_wconf 82' lang='lat' dir='ltr'>Maeotis</span> <span class='ocrx_word' id='word_1_76' title='bbox 1012 874 1122 906; x_wconf 85' lang='lat' dir='ltr'>hiems</span> <span class='ocrx_word' id='word_1_77' title='bbox 1144 891 1188 910; x_wconf 53' lang='grc'>,-</span> 
     </span>
    </p>

    <p class='ocr_par' dir='ltr' id='par_1_5' title="bbox 202 961 1784 2238">
     <span class='ocr_line' id='line_1_11' title="bbox 240 961 1755 1018; baseline 0.001 -15"><span class='ocrx_word' id='word_1_78' title='bbox 240 973 338 1004; x_wconf 86' lang='lat' dir='ltr'>cum</span> <span class='ocrx_word' id='word_1_79' title='bbox 366 961 421 1003; x_wconf 86' lang='lat' dir='ltr'>de</span> <span class='ocrx_word' id='word_1_80' title='bbox 448 962 587 1004; x_wconf 89' lang='lat' dir='ltr'>hieme</span> <span class='ocrx_word' id='word_1_81' title='bbox 616 976 654 1004; x_wconf 87' lang='lat' dir='ltr'>a.</span> <span class='ocrx_word' id='word_1_82' title='bbox 683 962 960 1017; x_wconf 66' lang='lat' dir='ltr'>DCCLXE,</span> <span class='ocrx_word' id='word_1_83' title='bbox 1001 968 1047 1003; x_wconf 91' lang='lat' dir='ltr'>ut</span> <span class='ocrx_word' id='word_1_84' title='bbox 1085 976 1210 1017; x_wconf 88' lang='lat' dir='ltr'>quam</span> <span class='ocrx_word' id='word_1_85' title='bbox 1246 975 1331 1003; x_wconf 92' lang='lat' dir='ltr'>non</span> <span class='ocrx_word' id='word_1_86' title='bbox 1360 961 1540 1016; x_wconf 85' lang='lat' dir='ltr'>degerat</span> <span class='ocrx_word' id='word_1_87' title='bbox 1567 963 1610 1004; x_wconf 91' lang='lat' dir='ltr'>in</span> <span class='ocrx_word' id='word_1_88' title='bbox 1638 963 1755 1018; x_wconf 86' lang='lat' dir='ltr'>Scy-</span> 
     </span>
     <span class='ocr_line' id='line_1_12' title="bbox 238 1033 1758 1089; baseline 0.002 -16"><span class='ocrx_word' id='word_1_89' title='bbox 238 1033 350 1089; x_wconf 82' lang='lat' dir='ltr'>thia,</span> <span class='ocrx_word' id='word_1_90' title='bbox 389 1034 462 1075; x_wconf 88' lang='lat' dir='ltr'>illa</span> <span class='ocrx_word' id='word_1_91' title='bbox 497 1036 663 1088; x_wconf 75' lang='lat' dir='ltr'>lonqz&#39;or</span> <span class='ocrx_word' id='word_1_92' title='bbox 700 1038 889 1088; x_wconf 81' lang='lat' dir='ltr'>antiquis</span> <span class='ocrx_word' id='word_1_93' title='bbox 917 1038 1010 1075; x_wconf 77' lang='lat' dir='ltr'>visa</span> <span class='ocrx_word' id='word_1_94' title='bbox 1045 1034 1188 1076; x_wconf 86' lang='lat' dir='ltr'>dicere</span> <span class='ocrx_word' id='word_1_95' title='bbox 1225 1047 1310 1076; x_wconf 93' lang='lat' dir='ltr'>non</span> <span class='ocrx_word' id='word_1_96' title='bbox 1336 1035 1560 1088; x_wconf 83' lang='lat' dir='ltr'>potuisset.</span> <span class='ocrx_word' id='word_1_97' title='bbox 1615 1035 1758 1089; x_wconf 86' lang='lat' dir='ltr'>Atque</span> 
     </span>
     <span class='ocr_line' id='line_1_13' title="bbox 238 1105 1784 1165; baseline 0.001 -19"><span class='ocrx_word' id='word_1_98' title='bbox 238 1105 392 1147; x_wconf 90' lang='lat' dir='ltr'>eadem</span> <span class='ocrx_word' id='word_1_99' title='bbox 422 1106 475 1147; x_wconf 87' lang='lat' dir='ltr'>de</span> <span class='ocrx_word' id='word_1_100' title='bbox 506 1120 664 1165; x_wconf 88' lang='lat' dir='ltr'>caussa</span> <span class='ocrx_word' id='word_1_101' title='bbox 693 1107 749 1147; x_wconf 92' lang='lat' dir='ltr'>ad</span> <span class='ocrx_word' id='word_1_102' title='bbox 776 1120 855 1147; x_wconf 88' lang='lat' dir='ltr'>ver</span> <span class='ocrx_word' id='word_1_103' title='bbox 882 1120 922 1147; x_wconf 87' lang='lat' dir='ltr'>a.</span> <span class='ocrx_word' id='word_1_104' title='bbox 951 1105 1227 1149; x_wconf 88' lang='lat' dir='ltr'>DCCLXIV.</span> <span class='ocrx_word' id='word_1_105' title='bbox 1266 1105 1536 1147; x_wconf 89' lang='lat' dir='ltr'>referendum</span> <span class='ocrx_word' id='word_1_106' title='bbox 1564 1112 1633 1147; x_wconf 90' lang='lat' dir='ltr'>est</span> <span class='ocrx_word' id='word_1_107' title='bbox 1662 1119 1784 1148; x_wconf 54' lang='lat' dir='ltr'>carr</span> 
     </span>
     <span class='ocr_line' id='line_1_14' title="bbox 218 1177 1759 1234; baseline 0.001 -16"><span class='ocrx_word' id='word_1_108' title='bbox 218 1177 337 1218; x_wconf 76' lang='lat' dir='ltr'>&#39;men</span> <span class='ocrx_word' id='word_1_109' title='bbox 367 1177 576 1220; x_wconf 89' lang='lat' dir='ltr'>decimum</span> <span class='ocrx_word' id='word_1_110' title='bbox 603 1179 772 1219; x_wconf 88' lang='lat' dir='ltr'>tertium</span> <span class='ocrx_word' id='word_1_111' title='bbox 800 1179 842 1219; x_wconf 91' lang='lat' dir='ltr'>in</span> <span class='ocrx_word' id='word_1_112' title='bbox 859 1180 1054 1221; x_wconf 43' lang='lat' dir='ltr'>*natalem</span> <span class='ocrx_word' id='word_1_113' title='bbox 1083 1192 1236 1234; x_wconf 90' lang='lat' dir='ltr'>suum,</span> <span class='ocrx_word' id='word_1_114' title='bbox 1281 1179 1319 1219; x_wconf 92' lang='lat' dir='ltr'>si</span> <span class='ocrx_word' id='word_1_115' title='bbox 1358 1178 1526 1233; x_wconf 91' lang='lat' dir='ltr'>quidem</span> <span class='ocrx_word' id='word_1_116' title='bbox 1562 1179 1693 1219; x_wconf 87' lang='lat' dir='ltr'>natali</span> <span class='ocrx_word' id='word_1_117' title='bbox 1720 1192 1759 1220; x_wconf 88' lang='lat' dir='ltr'>a.</span> 
     </span>
     <span class='ocr_line' id='line_1_15' title="bbox 235 1249 1759 1305; baseline 0.002 -16"><span class='ocrx_word' id='word_1_118' title='bbox 235 1249 512 1293; x_wconf 82' lang='lat' dir='ltr'>DCCLXIII.</span> <span class='ocrx_word' id='word_1_119' title='bbox 550 1250 734 1292; x_wconf 92' lang='lat' dir='ltr'>nondum</span> <span class='ocrx_word' id='word_1_120' title='bbox 761 1251 804 1291; x_wconf 90' lang='lat' dir='ltr'>in</span> <span class='ocrx_word' id='word_1_121' title='bbox 832 1250 1028 1305; x_wconf 86' lang='lat' dir='ltr'>Sythiam</span> <span class='ocrx_word' id='word_1_122' title='bbox 1056 1250 1302 1291; x_wconf 83' lang='lat' dir='ltr'>advenerat.</span> <span class='ocrx_word' id='word_1_123' title='bbox 1378 1249 1487 1291; x_wconf 90' lang='lat' dir='ltr'>Cum</span> <span class='ocrx_word' id='word_1_124' title='bbox 1530 1263 1654 1304; x_wconf 90' lang='lat' dir='ltr'>porro</span> <span class='ocrx_word' id='word_1_125' title='bbox 1682 1251 1759 1292; x_wconf 91' lang='lat' dir='ltr'>toti</span> 
     </span>
     <span class='ocr_line' id='line_1_16' title="bbox 234 1322 1761 1377; baseline -0.001 -13"><span class='ocrx_word' id='word_1_126' title='bbox 234 1324 340 1364; x_wconf 90' lang='lat' dir='ltr'>libro</span> <span class='ocrx_word' id='word_1_127' title='bbox 370 1324 470 1365; x_wconf 92' lang='lat' dir='ltr'>nihil</span> <span class='ocrx_word' id='word_1_128' title='bbox 496 1323 611 1377; x_wconf 90' lang='lat' dir='ltr'>insit,</span> <span class='ocrx_word' id='word_1_129' title='bbox 644 1322 755 1377; x_wconf 92' lang='lat' dir='ltr'>quod</span> <span class='ocrx_word' id='word_1_130' title='bbox 783 1322 838 1362; x_wconf 89' lang='lat' dir='ltr'>ad</span> <span class='ocrx_word' id='word_1_131' title='bbox 867 1324 1027 1364; x_wconf 84' lang='lat' dir='ltr'>seriora</span> <span class='ocrx_word' id='word_1_132' title='bbox 1065 1329 1257 1376; x_wconf 87' lang='lat' dir='ltr'>tempora</span> <span class='ocrx_word' id='word_1_133' title='bbox 1298 1322 1531 1376; x_wconf 89' lang='lat' dir='ltr'>referatur,</span> <span class='ocrx_word' id='word_1_134' title='bbox 1575 1327 1620 1362; x_wconf 86' lang='lat' dir='ltr'>et</span> <span class='ocrx_word' id='word_1_135' title='bbox 1654 1323 1761 1363; x_wconf 88' lang='lat' dir='ltr'>liber</span> 
     </span>
     <span class='ocr_line' id='line_1_17' title="bbox 236 1393 1761 1450; baseline -0.002 -14"><span class='ocrx_word' id='word_1_136' title='bbox 236 1401 441 1450; x_wconf 89' lang='lat' dir='ltr'>quartus,</span> <span class='ocrx_word' id='word_1_137' title='bbox 471 1401 519 1436; x_wconf 89' lang='lat' dir='ltr'>ut</span> <span class='ocrx_word' id='word_1_138' title='bbox 547 1395 691 1436; x_wconf 88' lang='lat' dir='ltr'>statim</span> <span class='ocrx_word' id='word_1_139' title='bbox 718 1395 952 1435; x_wconf 89' lang='lat' dir='ltr'>luculenter</span> <span class='ocrx_word' id='word_1_140' title='bbox 981 1394 1364 1448; x_wconf 83' lang='lat' dir='ltr'>demonstrabitur,</span> <span class='ocrx_word' id='word_1_141' title='bbox 1404 1394 1447 1434; x_wconf 90' lang='lat' dir='ltr'>in</span> <span class='ocrx_word' id='word_1_142' title='bbox 1476 1393 1610 1434; x_wconf 80' lang='lat' dir='ltr'>altera</span> <span class='ocrx_word' id='word_1_143' title='bbox 1637 1399 1761 1447; x_wconf 87' lang='lat' dir='ltr'>parte</span> 
     </span>
     <span class='ocr_line' id='line_1_18' title="bbox 235 1465 1759 1519; baseline -0.001 -11"><span class='ocrx_word' id='word_1_144' title='bbox 235 1466 416 1508; x_wconf 85' lang='lat' dir='ltr'>secundi</span> <span class='ocrx_word' id='word_1_145' title='bbox 445 1468 582 1508; x_wconf 85' lang='lat' dir='ltr'>exsilii</span> <span class='ocrx_word' id='word_1_146' title='bbox 610 1467 708 1507; x_wconf 91' lang='lat' dir='ltr'>anni</span> <span class='ocrx_word' id='word_1_147' title='bbox 737 1471 781 1506; x_wconf 91' lang='lat' dir='ltr'>et</span> <span class='ocrx_word' id='word_1_148' title='bbox 808 1466 923 1506; x_wconf 91' lang='lat' dir='ltr'>initio</span> <span class='ocrx_word' id='word_1_149' title='bbox 952 1466 1051 1506; x_wconf 89' lang='lat' dir='ltr'>anni</span> <span class='ocrx_word' id='word_1_150' title='bbox 1078 1466 1189 1506; x_wconf 90' lang='lat' dir='ltr'>tertii</span> <span class='ocrx_word' id='word_1_151' title='bbox 1219 1465 1478 1518; x_wconf 89' lang='lat' dir='ltr'>compositus</span> <span class='ocrx_word' id='word_1_152' title='bbox 1508 1465 1580 1519; x_wconf 89' lang='lat' dir='ltr'>sit,</span> <span class='ocrx_word' id='word_1_153' title='bbox 1610 1465 1759 1506; x_wconf 90' lang='lat' dir='ltr'>librum</span> 
     </span>
     <span class='ocr_line' id='line_1_19' title="bbox 234 1536 1758 1592; baseline -0.001 -13"><span class='ocrx_word' id='word_1_154' title='bbox 234 1540 405 1580; x_wconf 91' lang='lat' dir='ltr'>tertium</span> <span class='ocrx_word' id='word_1_155' title='bbox 442 1544 622 1592; x_wconf 87' lang='lat' dir='ltr'>apparet</span> <span class='ocrx_word' id='word_1_156' title='bbox 657 1539 742 1579; x_wconf 87' lang='lat' dir='ltr'>iam</span> <span class='ocrx_word' id='word_1_157' title='bbox 783 1544 938 1579; x_wconf 90' lang='lat' dir='ltr'>octavo</span> <span class='ocrx_word' id='word_1_158' title='bbox 977 1538 1141 1579; x_wconf 91' lang='lat' dir='ltr'>decimo</span> <span class='ocrx_word' id='word_1_159' title='bbox 1183 1543 1282 1591; x_wconf 87' lang='lat' dir='ltr'>post</span> <span class='ocrx_word' id='word_1_160' title='bbox 1318 1542 1474 1591; x_wconf 88' lang='lat' dir='ltr'>poetae</span> <span class='ocrx_word' id='word_1_161' title='bbox 1515 1536 1758 1578; x_wconf 87' lang='lat' dir='ltr'>discessum</span> 
     </span>
     <span class='ocr_line' id='line_1_20' title="bbox 234 1608 1757 1664; baseline -0.003 -12"><span class='ocrx_word' id='word_1_162' title='bbox 234 1613 289 1652; x_wconf 87' lang='lat' dir='ltr'>ab</span> <span class='ocrx_word' id='word_1_163' title='bbox 318 1612 434 1653; x_wconf 88' lang='lat' dir='ltr'>Urbe</span> <span class='ocrx_word' id='word_1_164' title='bbox 464 1622 615 1651; x_wconf 89' lang='lat' dir='ltr'>mense</span> <span class='ocrx_word' id='word_1_165' title='bbox 622 1639 638 1664; x_wconf 80' lang='lat'>,</span> <span class='ocrx_word' id='word_1_166' title='bbox 678 1622 784 1651; x_wconf 90' lang='lat' dir='ltr'>vere</span> <span class='ocrx_word' id='word_1_167' title='bbox 812 1622 850 1650; x_wconf 89' lang='lat' dir='ltr'>a.</span> <span class='ocrx_word' id='word_1_168' title='bbox 879 1610 931 1652; x_wconf 91' lang='lat' dir='ltr'>U.</span> <span class='ocrx_word' id='word_1_169' title='bbox 961 1609 1012 1651; x_wconf 88' lang='lat' dir='ltr'>C.</span> <span class='ocrx_word' id='word_1_170' title='bbox 1040 1608 1339 1664; x_wconf 64' lang='lat' dir='ltr'>DCCLXIV„</span> <span class='ocrx_word' id='word_1_171' title='bbox 1377 1614 1533 1663; x_wconf 89' lang='lat' dir='ltr'>poetae</span> <span class='ocrx_word' id='word_1_172' title='bbox 1562 1621 1600 1650; x_wconf 85' lang='lat' dir='ltr'>a.</span> <span class='ocrx_word' id='word_1_173' title='bbox 1628 1608 1757 1664; x_wconf 63' lang='lat' dir='ltr'>LIII„</span> 
     </span>
     <span class='ocr_line' id='line_1_21' title="bbox 234 1681 1759 1736; baseline -0.001 -12"><span class='ocrx_word' id='word_1_174' title='bbox 234 1696 338 1724; x_wconf 89' lang='lat' dir='ltr'>esse</span> <span class='ocrx_word' id='word_1_175' title='bbox 367 1682 618 1725; x_wconf 86' lang='lat' dir='ltr'>absolutum.</span> <span class='ocrx_word' id='word_1_176' title='bbox 673 1682 789 1722; x_wconf 90' lang='lat' dir='ltr'>Ante</span> <span class='ocrx_word' id='word_1_177' title='bbox 815 1681 915 1723; x_wconf 93' lang='lat' dir='ltr'>illud</span> <span class='ocrx_word' id='word_1_178' title='bbox 932 1688 1074 1723; x_wconf 88' lang='lat' dir='ltr'>autem</span> <span class='ocrx_word' id='word_1_179' title='bbox 1096 1687 1280 1736; x_wconf 90' lang='lat' dir='ltr'>tempus,</span> <span class='ocrx_word' id='word_1_180' title='bbox 1310 1681 1439 1735; x_wconf 90' lang='lat' dir='ltr'>igitur</span> <span class='ocrx_word' id='word_1_181' title='bbox 1461 1681 1595 1734; x_wconf 93' lang='lat' dir='ltr'>primo</span> <span class='ocrx_word' id='word_1_182' title='bbox 1615 1681 1759 1722; x_wconf 89' lang='lat' dir='ltr'>statim</span> 
     </span>
     <span class='ocr_line' id='line_1_22' title="bbox 236 1750 1760 1809; baseline -0.002 -14"><span class='ocrx_word' id='word_1_183' title='bbox 236 1767 348 1795; x_wconf 84' lang='lat' dir='ltr'>anno</span> <span class='ocrx_word' id='word_1_184' title='bbox 362 1784 378 1809; x_wconf 98' lang='lat'>,</span> <span class='ocrx_word' id='word_1_185' title='bbox 410 1766 493 1808; x_wconf 91' lang='lat' dir='ltr'>quo</span> <span class='ocrx_word' id='word_1_186' title='bbox 523 1754 765 1794; x_wconf 87' lang='lat' dir='ltr'>exsulatum</span> <span class='ocrx_word' id='word_1_187' title='bbox 792 1753 921 1809; x_wconf 86' lang='lat' dir='ltr'>abiit,</span> <span class='ocrx_word' id='word_1_188' title='bbox 966 1754 1202 1807; x_wconf 90' lang='lat' dir='ltr'>composuit</span> <span class='ocrx_word' id='word_1_189' title='bbox 1227 1754 1376 1794; x_wconf 90' lang='lat' dir='ltr'>librum</span> <span class='ocrx_word' id='word_1_190' title='bbox 1404 1750 1662 1807; x_wconf 91' lang='lat' dir='ltr'>secundum,</span> <span class='ocrx_word' id='word_1_191' title='bbox 1702 1751 1760 1792; x_wconf 88' lang='lat' dir='ltr'>ad</span> 
     </span>
     <span class='ocr_line' id='line_1_23' title="bbox 235 1822 1756 1881; baseline -0.003 -14"><span class='ocrx_word' id='word_1_192' title='bbox 235 1828 493 1881; x_wconf 85' lang='lat' dir='ltr'>Augustum.</span> <span class='ocrx_word' id='word_1_193' title='bbox 553 1824 663 1865; x_wconf 90' lang='lat' dir='ltr'>Cum</span> <span class='ocrx_word' id='word_1_194' title='bbox 693 1838 773 1879; x_wconf 93' lang='lat' dir='ltr'>quo</span> <span class='ocrx_word' id='word_1_195' title='bbox 803 1831 992 1878; x_wconf 87' lang='lat' dir='ltr'>tempore</span> <span class='ocrx_word' id='word_1_196' title='bbox 1019 1825 1145 1878; x_wconf 86' lang='lat' dir='ltr'>plane</span> <span class='ocrx_word' id='word_1_197' title='bbox 1174 1826 1367 1879; x_wconf 89' lang='lat' dir='ltr'>congruit</span> <span class='ocrx_word' id='word_1_198' title='bbox 1391 1825 1447 1880; x_wconf 77' lang='grc' dir='ltr'>Π,</span> <span class='ocrx_word' id='word_1_199' title='bbox 1479 1822 1756 1878; x_wconf 74' lang='lat'>170..--1’7·7.,</span> 
     </span>
     <span class='ocr_line' id='line_1_24' title="bbox 235 1894 1758 1953; baseline -0.001 -15"><span class='ocrx_word' id='word_1_200' title='bbox 235 1898 306 1953; x_wconf 90' lang='lat' dir='ltr'>qui</span> <span class='ocrx_word' id='word_1_201' title='bbox 334 1899 455 1938; x_wconf 90' lang='lat' dir='ltr'>locus</span> <span class='ocrx_word' id='word_1_202' title='bbox 474 1895 530 1937; x_wconf 90' lang='lat' dir='ltr'>ad</span> <span class='ocrx_word' id='word_1_203' title='bbox 548 1897 701 1938; x_wconf 91' lang='lat' dir='ltr'>bellum</span> <span class='ocrx_word' id='word_1_204' title='bbox 721 1894 1020 1937; x_wconf 87' lang='lat' dir='ltr'>Germanicum</span> <span class='ocrx_word' id='word_1_205' title='bbox 1043 1896 1309 1950; x_wconf 87' lang='lat' dir='ltr'>referendus,</span> <span class='ocrx_word' id='word_1_206' title='bbox 1340 1895 1451 1950; x_wconf 89' lang='lat' dir='ltr'>quod</span> <span class='ocrx_word' id='word_1_207' title='bbox 1478 1901 1577 1949; x_wconf 87' lang='lat' dir='ltr'>post</span> <span class='ocrx_word' id='word_1_208' title='bbox 1599 1895 1758 1937; x_wconf 85' lang='lat' dir='ltr'>Varia-</span> 
     </span>
     <span class='ocr_line' id='line_1_25' title="bbox 234 1966 1757 2019; baseline -0.002 -9"><span class='ocrx_word' id='word_1_209' title='bbox 234 1983 334 2010; x_wconf 90' lang='lat' dir='ltr'>nam</span> <span class='ocrx_word' id='word_1_210' title='bbox 362 1970 405 2009; x_wconf 89' lang='lat' dir='ltr'>in</span> <span class='ocrx_word' id='word_1_211' title='bbox 435 1966 667 2009; x_wconf 87' lang='lat' dir='ltr'>Germania</span> <span class='ocrx_word' id='word_1_212' title='bbox 696 1968 860 2009; x_wconf 87' lang='lat' dir='ltr'>cladem</span> <span class='ocrx_word' id='word_1_213' title='bbox 899 1980 936 2007; x_wconf 89' lang='lat' dir='ltr'>a.</span> <span class='ocrx_word' id='word_1_214' title='bbox 965 1966 1216 2008; x_wconf 85' lang='lat' dir='ltr'>DCCLXII.</span> <span class='ocrx_word' id='word_1_215' title='bbox 1256 1968 1421 2008; x_wconf 88' lang='lat' dir='ltr'>factam·</span> <span class='ocrx_word' id='word_1_216' title='bbox 1454 1966 1479 2019; x_wconf 72' lang='grc' dir='ltr'>ζ</span> <span class='ocrx_word' id='word_1_217' title='bbox 1487 1968 1639 2009; x_wconf 90' lang='lat' dir='ltr'>Vellei.</span> <span class='ocrx_word' id='word_1_218' title='bbox 1667 1967 1757 2007; x_wconf 84' lang='lat' dir='ltr'>Pa-</span> 
     </span>
     <span class='ocr_line' id='line_1_26' title="bbox 202 2029 1756 2091; baseline -0.003 -8"><span class='ocrx_word' id='word_1_219' title='bbox 202 2029 205 2030; x_wconf 70' lang='grc'>’</span> <span class='ocrx_word' id='word_1_220' title='bbox 235 2047 340 2083; x_wconf 83' lang='lat' dir='ltr'>tere.</span> <span class='ocrx_word' id='word_1_221' title='bbox 368 2042 420 2081; x_wconf 92' lang='lat'>11.</span> <span class='ocrx_word' id='word_1_222' title='bbox 451 2053 487 2082; x_wconf 78' lang='lat' dir='ltr'>c.</span> <span class='ocrx_word' id='word_1_223' title='bbox 519 2040 600 2080; x_wconf 76' lang='lat'>117</span> <span class='ocrx_word' id='word_1_224' title='bbox 625 2064 683 2072; x_wconf 82' lang='grc'>-</span> <span class='ocrx_word' id='word_1_225' title='bbox 713 2040 820 2090; x_wconf 70' lang='lat'>119„</span> <span class='ocrx_word' id='word_1_226' title='bbox 851 2039 1026 2080; x_wconf 81' lang='lat' dir='ltr'>Sueton.</span> <span class='ocrx_word' id='word_1_227' title='bbox 1054 2039 1143 2079; x_wconf 81' lang='lat' dir='ltr'>Tib.</span> <span class='ocrx_word' id='word_1_228' title='bbox 1173 2052 1210 2080; x_wconf 79' lang='lat' dir='ltr'>c.</span> <span class='ocrx_word' id='word_1_229' title='bbox 1242 2038 1338 2091; x_wconf 86' lang='lat'>16.)</span> <span class='ocrx_word' id='word_1_230' title='bbox 1395 2039 1588 2079; x_wconf 80' lang='lat' dir='ltr'>Tiberius</span> <span class='ocrx_word' id='word_1_231' title='bbox 1617 2037 1756 2078; x_wconf 80' lang='lat' dir='ltr'>admi-</span> 
     </span>
     <span class='ocr_line' id='line_1_27' title="bbox 234 2109 1755 2167; baseline -0.003 -13"><span class='ocrx_word' id='word_1_232' title='bbox 234 2111 498 2154; x_wconf 88' lang='lat' dir='ltr'>nistrandum</span> <span class='ocrx_word' id='word_1_233' title='bbox 526 2113 743 2167; x_wconf 74' lang='lat' dir='ltr'>suscepit,</span> <span class='ocrx_word' id='word_1_234' title='bbox 784 2117 827 2151; x_wconf 89' lang='lat' dir='ltr'>et</span> <span class='ocrx_word' id='word_1_235' title='bbox 863 2123 944 2165; x_wconf 92' lang='lat' dir='ltr'>quo</span> <span class='ocrx_word' id='word_1_236' title='bbox 974 2109 1162 2164; x_wconf 89' lang='lat' dir='ltr'>gerendo</span> <span class='ocrx_word' id='word_1_237' title='bbox 1192 2116 1279 2151; x_wconf 90' lang='lat' dir='ltr'>tum</span> <span class='ocrx_word' id='word_1_238' title='bbox 1307 2110 1490 2150; x_wconf 87' lang='lat' dir='ltr'>maxime</span> <span class='ocrx_word' id='word_1_239' title='bbox 1519 2115 1755 2164; x_wconf 85' lang='lat' dir='ltr'>occupatus</span> 
     </span>
     <span class='ocr_line' id='line_1_28' title="bbox 233 2181 1474 2238; baseline -0.004 -12"><span class='ocrx_word' id='word_1_240' title='bbox 233 2198 262 2226; x_wconf 86' lang='lat' dir='ltr'>a</span> <span class='ocrx_word' id='word_1_241' title='bbox 290 2189 419 2238; x_wconf 89' lang='lat' dir='ltr'>poeta</span> <span class='ocrx_word' id='word_1_242' title='bbox 446 2184 515 2223; x_wconf 91' lang='lat' dir='ltr'>illo</span> <span class='ocrx_word' id='word_1_243' title='bbox 543 2185 639 2224; x_wconf 89' lang='lat' dir='ltr'>loco</span> <span class='ocrx_word' id='word_1_244' title='bbox 668 2183 829 2224; x_wconf 83' lang='lat' dir='ltr'>dicitur.</span> <span class='ocrx_word' id='word_1_245' title='bbox 885 2181 983 2223; x_wconf 88' lang='lat' dir='ltr'>vid.</span> <span class='ocrx_word' id='word_1_246' title='bbox 1012 2183 1067 2237; x_wconf 78' lang='grc' dir='ltr'>Π,</span> <span class='ocrx_word' id='word_1_247' title='bbox 1096 2182 1192 2223; x_wconf 82' lang='grc'><strong>299.</strong></span> <span class='ocrx_word' id='word_1_248' title='bbox 1222 2181 1361 2236; x_wconf 88' lang='lat' dir='ltr'>ibique</span> <span class='ocrx_word' id='word_1_249' title='bbox 1390 2187 1474 2222; x_wconf 90' lang='lat' dir='ltr'>not.</span> 
     </span>
    </p>
   </div>
   <div class='ocr_carea' id='block_1_3' title="bbox 234 2269 1752 2471">
    <p class='ocr_par' dir='ltr' id='par_1_6' title="bbox 234 2269 1752 2471">
     <span class='ocr_line' id='line_1_29' title="bbox 344 2269 1752 2326; baseline -0.002 -14"><span class='ocrx_word' id='word_1_250' title='bbox 344 2272 517 2313; x_wconf 89' lang='lat' dir='ltr'>Librum</span> <span class='ocrx_word' id='word_1_251' title='bbox 546 2278 738 2326; x_wconf 87' lang='lat' dir='ltr'>quartum</span> <span class='ocrx_word' id='word_1_252' title='bbox 766 2270 1052 2323; x_wconf 87' lang='lat' dir='ltr'>conscriptum</span> <span class='ocrx_word' id='word_1_253' title='bbox 1080 2283 1182 2311; x_wconf 85' lang='lat' dir='ltr'>esse</span> <span class='ocrx_word' id='word_1_254' title='bbox 1211 2269 1390 2311; x_wconf 85' lang='lat' dir='ltr'>diximus</span> <span class='ocrx_word' id='word_1_255' title='bbox 1417 2269 1568 2323; x_wconf 90' lang='lat' dir='ltr'>partim</span> <span class='ocrx_word' id='word_1_256' title='bbox 1596 2269 1640 2309; x_wconf 92' lang='lat' dir='ltr'>in</span> <span class='ocrx_word' id='word_1_257' title='bbox 1666 2269 1752 2310; x_wconf 89' lang='lat' dir='ltr'>fine</span> 
     </span>
     <span class='ocr_line' id='line_1_30' title="bbox 235 2340 1751 2399; baseline -0.003 -13"><span class='ocrx_word' id='word_1_258' title='bbox 235 2346 335 2386; x_wconf 90' lang='lat' dir='ltr'>anni</span> <span class='ocrx_word' id='word_1_259' title='bbox 363 2344 566 2399; x_wconf 88' lang='lat' dir='ltr'>secundi,</span> <span class='ocrx_word' id='word_1_260' title='bbox 597 2345 748 2397; x_wconf 91' lang='lat' dir='ltr'>partim</span> <span class='ocrx_word' id='word_1_261' title='bbox 776 2345 820 2384; x_wconf 89' lang='lat' dir='ltr'>in</span> <span class='ocrx_word' id='word_1_262' title='bbox 846 2343 995 2396; x_wconf 84' lang='lat' dir='ltr'>tertio,</span> <span class='ocrx_word' id='word_1_263' title='bbox 1027 2340 1138 2396; x_wconf 91' lang='lat' dir='ltr'>quod</span> <span class='ocrx_word' id='word_1_264' title='bbox 1166 2354 1247 2396; x_wconf 91' lang='lat' dir='ltr'>quo</span> <span class='ocrx_word' id='word_1_265' title='bbox 1274 2342 1364 2382; x_wconf 91' lang='lat' dir='ltr'>iure</span> <span class='ocrx_word' id='word_1_266' title='bbox 1393 2340 1637 2396; x_wconf 83' lang='lat' dir='ltr'>dixerimus,</span> <span class='ocrx_word' id='word_1_267' title='bbox 1667 2341 1751 2382; x_wconf 89' lang='lat' dir='ltr'>iam</span> 
     </span>
     <span class='ocr_line' id='line_1_31' title="bbox 234 2415 1305 2471; baseline -0.006 -13"><span class='ocrx_word' id='word_1_268' title='bbox 234 2417 470 2458; x_wconf 90' lang='lat' dir='ltr'>videamus.</span> <span class='ocrx_word' id='word_1_269' title='bbox 527 2417 576 2456; x_wconf 88' lang='lat' dir='ltr'>L.</span> <span class='ocrx_word' id='word_1_270' title='bbox 604 2416 683 2471; x_wconf 94' lang='lat' dir='ltr'>IV,</span> <span class='ocrx_word' id='word_1_271' title='bbox 713 2415 756 2470; x_wconf 73' lang='lat'>7,</span> <span class='ocrx_word' id='word_1_272' title='bbox 790 2415 825 2456; x_wconf 90' lang='lat'>1.</span> <span class='ocrx_word' id='word_1_273' title='bbox 853 2415 894 2455; x_wconf 77' lang='lat'>2.</span> <span class='ocrx_word' id='word_1_274' title='bbox 1301 2417 1305 2420; x_wconf 88' lang='lat'>&#39;</span> 
     </span>
    </p>
   </div>
   <div class='ocr_carea' id='block_1_4' title="bbox 412 2515 1359 2612">
    <p class='ocr_par' dir='ltr' id='par_1_7' title="bbox 412 2515 1359 2612">
     <span class='ocr_line' id='line_1_32' title="bbox 412 2515 1359 2557; baseline -0.003 -8"><span class='ocrx_word' id='word_1_275' title='bbox 412 2517 471 2550; x_wconf 89' lang='lat' dir='ltr'>Bis</span> <span class='ocrx_word' id='word_1_276' title='bbox 494 2524 550 2548; x_wconf 86' lang='lat' dir='ltr'>me</span> <span class='ocrx_word' id='word_1_277' title='bbox 573 2516 632 2548; x_wconf 90' lang='lat' dir='ltr'>sol</span> <span class='ocrx_word' id='word_1_278' title='bbox 655 2517 741 2548; x_wconf 82' lang='lat' dir='ltr'>adiit</span> <span class='ocrx_word' id='word_1_279' title='bbox 762 2516 905 2557; x_wconf 85' lang='lat' dir='ltr'>gelidae</span> <span class='ocrx_word' id='word_1_280' title='bbox 928 2516 1012 2556; x_wconf 80' lang='lat' dir='ltr'>post</span> <span class='ocrx_word' id='word_1_281' title='bbox 1032 2515 1176 2557; x_wconf 80' lang='lat' dir='ltr'>frigora</span> <span class='ocrx_word' id='word_1_282' title='bbox 1197 2515 1359 2556; x_wconf 86' lang='lat' dir='ltr'>brumae,</span> 
     </span>
     <span class='ocr_line' id='line_1_33' title="bbox 455 2570 1225 2612; baseline -0.004 -8"><span class='ocrx_word' id='word_1_283' title='bbox 455 2572 586 2612; x_wconf 87' lang='lat' dir='ltr'>Bisque</span> <span class='ocrx_word' id='word_1_284' title='bbox 608 2580 709 2603; x_wconf 89' lang='lat' dir='ltr'>suum</span> <span class='ocrx_word' id='word_1_285' title='bbox 733 2574 832 2604; x_wconf 85' lang='lat' dir='ltr'>tacto</span> <span class='ocrx_word' id='word_1_286' title='bbox 855 2571 959 2604; x_wconf 85' lang='lat' dir='ltr'>Pisce</span> <span class='ocrx_word' id='word_1_287' title='bbox 981 2570 1123 2612; x_wconf 76' lang='lat' dir='ltr'>peregit</span> <span class='ocrx_word' id='word_1_288' title='bbox 1144 2570 1225 2602; x_wconf 87' lang='lat' dir='ltr'>iter.</span> 
     </span>
    </p>
   </div>
   <div class='ocr_carea' id='block_1_5' title="bbox 234 2655 1784 2785">
    <p class='ocr_par' dir='ltr' id='par_1_8' title="bbox 234 2655 1784 2785">
     <span class='ocr_line' id='line_1_34' title="bbox 235 2655 1751 2715; baseline -0.004 -14"><span class='ocrx_word' id='word_1_289' title='bbox 235 2660 345 2701; x_wconf 90' lang='lat' dir='ltr'>Cum</span> <span class='ocrx_word' id='word_1_290' title='bbox 373 2661 438 2700; x_wconf 86' lang='lat' dir='ltr'>sol</span> <span class='ocrx_word' id='word_1_291' title='bbox 467 2673 492 2699; x_wconf 91' lang='lat' dir='ltr'>e</span> <span class='ocrx_word' id='word_1_292' title='bbox 519 2665 714 2700; x_wconf 86' lang='lat' dir='ltr'>veterum</span> <span class='ocrx_word' id='word_1_293' title='bbox 743 2659 917 2699; x_wconf 87' lang='lat' dir='ltr'>calculis</span> <span class='ocrx_word' id='word_1_294' title='bbox 945 2663 990 2698; x_wconf 91' lang='lat' dir='ltr'>et</span> <span class='ocrx_word' id='word_1_295' title='bbox 1017 2663 1184 2710; x_wconf 87' lang='lat' dir='ltr'>tempus</span> <span class='ocrx_word' id='word_1_296' title='bbox 1212 2655 1492 2715; x_wconf 76' lang='lat' dir='ltr'>constituendi</span> <span class='ocrx_word' id='word_1_297' title='bbox 1522 2655 1646 2696; x_wconf 93' lang='lat' dir='ltr'>modo</span> <span class='ocrx_word' id='word_1_298' title='bbox 1670 2667 1751 2696; x_wconf 87' lang='lat' dir='ltr'>no-</span> 
     </span>
     <span class='ocr_line' id='line_1_35' title="bbox 234 2723 1784 2785; baseline -0.003 -13"><span class='ocrx_word' id='word_1_299' title='bbox 234 2744 336 2773; x_wconf 88' lang='lat' dir='ltr'>vum</span> <span class='ocrx_word' id='word_1_300' title='bbox 356 2744 524 2772; x_wconf 89' lang='lat' dir='ltr'>cursum</span> <span class='ocrx_word' id='word_1_301' title='bbox 543 2732 763 2785; x_wconf 82' lang='lat' dir='ltr'>inciperet,</span> <span class='ocrx_word' id='word_1_302' title='bbox 782 2736 1007 2784; x_wconf 88' lang='lat' dir='ltr'>postquam</span> <span class='ocrx_word' id='word_1_303' title='bbox 1021 2730 1167 2771; x_wconf 88' lang='lat' dir='ltr'>relicto</span> <span class='ocrx_word' id='word_1_304' title='bbox 1182 2728 1311 2771; x_wconf 91' lang='lat' dir='ltr'>Pisce</span> <span class='ocrx_word' id='word_1_305' title='bbox 1323 2729 1511 2770; x_wconf 91' lang='lat' dir='ltr'>Arietem</span> <span class='ocrx_word' id='word_1_306' title='bbox 1529 2723 1784 2781; x_wconf 78' lang='lat' dir='ltr'>subiisset,·‘</span> 
     </span>
    </p>
   </div>
   <div class='ocr_carea' id='block_1_6' title="bbox 236 2801 980 2859">
    <p class='ocr_par' dir='ltr' id='par_1_9' title="bbox 236 2801 980 2859">
     <span class='ocr_line' id='line_1_36' title="bbox 236 2801 980 2859; baseline -0.004 -14"><span class='ocrx_word' id='word_1_307' title='bbox 236 2804 503 2859; x_wconf 88' lang='lat' dir='ltr'>aequinoctio</span> <span class='ocrx_word' id='word_1_308' title='bbox 531 2803 646 2844; x_wconf 85' lang='lat' dir='ltr'>veris</span> <span class='ocrx_word' id='word_1_309' title='bbox 676 2802 819 2855; x_wconf 79' lang='lat' dir='ltr'>(Fast.</span> <span class='ocrx_word' id='word_1_310' title='bbox 849 2803 885 2856; x_wconf 89' lang='lat' dir='ltr'>I,</span> <span class='ocrx_word' id='word_1_311' title='bbox 913 2801 980 2843; x_wconf 83' lang='lat'>39.</span> 
     </span>
    </p>
   </div>
  </div>
 </body>
</html>
