1846 3146
599 178 731 230 LIB.
764 177 830 228 V.
889 174 1091 228 ELEG.
1124 175 1165 226 1.

128 303 251 357 cnm
282 304 475 363 faeeret
502 302 702 357 Nioben
735 299 901 350 orbam
932 299 1145 349 Latonia
1177 280 1362 364 proles,

1546 174 1643 225 441

192 388 312 438 Non
341 393 501 437 tamen
536 391 587 436 et
617 387 779 435 siccas
809 384 951 431 iussit
982 382 1164 431 habere
1198 395 1367 446 genaS.

125 470 221 520 Est
253 470 454 536 aliquid,
489 469 644 519 fatale
674 466 848 515 malum
879 480 971 532 per
1001 465 1159 514 verba
1189 463 1391 513 levare:

192 554 306 604 Hoe
339 552 585 619 querulam
616 547 849 615 Prognen
884 547 1280 613 Halcyonenque
1311 547 1447 597 facit.

1580 544 1646 595 60

57 699 61 703 Ι
127 636 242 686 Hoc
275 641 395 696 erat,
430 626 481 684 in
514 633 682 700 gelido
719 646 867 698 quare
900 631 1168 680 Poeantius
1203 633 1343 678 antro

195 719 339 769 Voce
370 719 603 783 fatigaret
635 716 839 766 Lemnia
871 730 994 763 saxa
1026 729 1128 790 sua.

174 890 230 924 57.
260 891 336 923 Iun.
367 890 448 924 orb.
480 899 511 924 c.
538 890 570 934 Γ.
600 890 650 923 Ν.
699 891 795 924 Busl.
818 892 856 923 et

130 945 238 988 Crev.
264 953 349 978 cum
371 946 421 979 N.
443 946 473 989 f.
502 947 581 979 orb.
631 939 857 989 Niobe,‘fi11a

129 1001 288 1043 Tantali,
311 1001 518 1042 Amphionis
537 1002 737 1035 Thebarum
758 1002 856 1043 regis

130 1065 247 1099 uxor,
269 1065 375 1097 quum
398 1058 547 1098 copiosa
565 1059 670 1098 prole
686 1057 858 1096 (habebat

132 1113 225 1144 enim
257 1113 332 1145 vn
363 1113 458 1145 filios
494 1115 531 1146 et
565 1113 714 1146 totidem
747 1112 857 1149 filias)

130 1164 308 1210 superba,
337 1171 376 1200 ut
398 1169 562 1201 Latonae
585 1168 719 1200 cultum
742 1167 857 1208 impe-

133 1221 242 1263 diret,
262 1222 454 1254 orbitatem
472 1222 548 1255 eius
571 1223 724 1265 rideret,
740 1223 858 1264 Apol-

133 1275 174 1308 lo
205 1279 361 1318 rogante
394 1279 539 1310 Latona
573 1278 652 1311 eius
695 1278 790 1311 filios
823 1279 860 1310 et

133 1331 254 1364 Diana
285 1332 378 1365 filias
411 1341 534 1365 omnes
570 1332 713 1366 occidit.
779 1331 859 1375 Quo

134 1387 235 1420 facto
267 1388 386 1420 Niobe
420 1388 456 1420 in
490 1388 647 1429 lapidem
681 1396 861 1421 conversa

136 1442 202 1473 est.
246 1443 335 1475 Met.
354 1442 430 1485 Ἣ,
459 1443 534 1476 146.
556 1451 669 1486 seqq.,
691 1445 792 1476 Hom.
816 1444 859 1476 11.

133 1497 269 1539 mv,
282 1498 373 1540 6⁰2,
390 1500 486 1540 Hyg.
508 1499 549 1531 F.
572 1499 721 1541 9—11.,
744 1499 862 1540 Apol-

134 1552 208 1585 lod.
231 1554 297 1585 111.
321 1562 353 1586 c.
374 1557 408 1587 5.
460 1556 515 1588 De
538 1554 722 1595 scriptura
742 1553 863 1585 Lato-

134 1606 213 1650 nia,
236 1617 340 1650 quam
363 1618 486 1643 omnes
508 1610 596 1643 libri
620 1609 767 1651 habent,
788 1609 862 1642 vid.

136 1664 183 1696 ad
205 1665 275 1706 111,
296 1665 333 1706 2,
356 1666 389 1698 3.
436 1710 441 1714 .

181 1731 236 1763 58.
270 1729 360 1762 Nou
382 1731 506 1763 tamen
531 1731 577 1764 et.
621 1732 695 1764 Pal.
721 1731 751 1778 ¹,-
767 1734 803 1763 et
816 1731 863 1773 2.,

138 1785 250 1827 Gall,
272 1786 390 1828 Leid.,
412 1788 571 1829 Pirckh„
587 1789 638 1820 lx
654 1787 716 1820 alii
728 1787 864 1828 Heius„

138 1840 219 1879 Bel.
242 1843 279 1872 et
301 1843 391 1872 vett.
413 1842 491 1874 edd.
514 1850 588 1873 uon
612 1842 734 1873 tamen
756 1841 865 1882 Ιιᾳιισ,

138 1897 235 1937 quod
257 1896 355 1928 dedit
375 1896 532 1928 Merkel.
584 1898 695 1937 Mon,
727 1897 805 1927 Iun.
827 1897 866 1927 et

138 1951 233 1983 alius
254 1959 330 1983 non
353 1951 476 1993 tomen
498 1939 594 1983 huic.
643 1953 777 1983 Bersm.
802 1952 864 1983 ta-

137 2002 223 2038 men
243 2005 347 2038 haec.
405 2007 511 2039 Goth.
519 2028 534 2048 ,
563 2007 707 2049 Guelf.,
731 2007 810 2039 Pol.
833 2007 864 2039 1.

139 2063 178 2094 et
187 2062 234 2104 2.,
255 2061 367 2103 Busl.,
381 2061 515 2094 Franc.
533 2064 570 2094 et
586 2062 716 2103 reliqui
727 2062 864 2104 Heius„

139 2118 266 2159 Rern„
298 2117 440 2159 BeroL,
470 2114 620 2159 Dresd.,
657 2117 766 2151 Crev.
788 2125 864 2150 non

141 2172 267 2204 tamen
289 2172 336 2204 et.
502 2175 509 2188 ¹

186 2240 243 2272 59.
272 2239 354 2272 Vid.
382 2240 458 2281 lv,
487 2239 524 2281 3,
552 2238 605 2271 33.
655 2239 782 2270 Patav.
807 2238 865 2269 le-

139 2300 242 2325 vart.
564 2305 573 2313 ·

187 2361 241 2402 60.
274 2359 349 2392 Pal.
371 2360 428 2401 2.,
450 2359 580 2392 Medic.
611 2359 643 2391 1.
666 2361 704 2391 et
728 2360 865 2391 Bonon.

142 2415 314 2456 querula.
342 2414 454 2447 Crev.
478 2416 668 2456 querulas.
704 2415 811 2447 Goth.
832 2415 869 2446 et

144 2470 273 2502 Dresd.
302 2468 572 2510 Alciouemque.
626 2472 715 2512 Reg.
737 2468 869 2502 Aleio-

144 2532 313 2566 namque.
359 2516 464 2556 Seni.
486 2527 524 2556 et
546 2527 634 2557 vett.
663 2526 740 2556 edd.
770 2523 870 2555 Hal-

139 2571 367 2621 'cyonasqua
411 2579 507 2611 Busl.
529 2577 834 2620 Alcimedemque.

140 2642 143 2644 ·
191 2634 367 2675 Proynen
390 2634 638 2675 scribendum,
667 2642 740 2666 non
765 2636 805 2665 ut
827 2642 871 2666 a-

144 2689 185 2724 lii
204 2697 384 2730 proc-nen.
438 2689 559 2722 Latini
587 2689 680 2720 enim
708 2697 780 2720 non
813 2691 870 2721 te-

144 2752 251 2776 nuem
274 2753 295 2776 c
316 2746 400 2776 ante
422 2752 459 2784 n,
472 2746 624 2786 ponunt,
637 2745 701 2776 sed
720 2746 871 2778 mediam

146 2793 185 2841 9.
225 2800 286 2832 Sic
318 2807 457 2840 cygnus
490 2799 654 2831 scribunt
691 2801 870 2834 Graecum

147 2850 288 2893 κύκνος.
332 2856 387 2888 De
409 2856 553 2897 Progne
570 2854 642 2888 vid.
661 2856 704 2888 ad
724 2857 774 2897 11,
794 2856 870 2888 389.

920 887 1128 929 Halcyone,
1150 884 1258 920 Aeoli
1278 884 1371 928 filia,
1398 883 1535 926 Ceycis
1557 884 1651 918 Tra-

922 943 1119 976 chiniorum
1142 942 1241 983 regis
1263 950 1371 983 uxor,
1392 949 1496 981 quum
1522 941 1649 973 coniu-

921 1006 1002 1040 gem
1046 997 1239 1038 nausragio
1286 995 1439 1038 periisse
1490 996 1651 1034 audisset

922 1056 1172 1093 mortuumque
1201 1053 1247 1084 ad
1275 1051 1362 1083 litus
1387 1052 1571 1083 natantem
1594 1050 1652 1082 vi-

923 1110 1054 1151 disset,
1091 1108 1230 1140 doloris
1269 1106 1457 1148 impatiens
1485 1105 1522 1137 in
1551 1112 1674 1148 mare>

922 1172 1005 1197 sese
1027 1162 1305 1206 praecipitavit,
1334 1164 1444 1203 atque
1472 1169 1543 1193 una
1573 1169 1653 1192 cum

924 1229 969 1253 eo
1004 1221 1038 1252 in
1073 1227 1178 1252 avem
1201 1217 1383 1250 'marinam
1410 1217 1466 1249 sui
1500 1216 1655 1248 nominis

925 1278 1063 1308 mutata
1086 1276 1164 1316 ωε,
1179 1274 1438 1315 querulnmque
1464 1272 1568 1304 vocis
1588 1280 1654 1304 so-

925 1339 1008 1363 num
1031 1329 1138 1362 etiam
1161 1329 1198 1360 in
1220 1329 1283 1360 avi
1300 1327 1460 1360 retinuit.
1503 1328 1600 1368 Byg.
1614 1327 1654 1359 11'.

926 1388 1002 1428 αἱ,
1030 1388 1118 1418 Met.
1140 1385 1205 1425 xl,
1228 1383 1294 1415 51⁰
1315 1391 1414 1424 seqq.
1472 1382 1577 1416 Conf.
1600 1383 1656 1415 A-

925 1441 1062 1483 pollod.
1093 1441 1122 1472 1.
1158 1448 1189 1472 c.
1210 1440 1251 1471 7.
1303 1440 1360 1471 De
1389 1438 1451 1470 avi
1486 1437 1554 1469 illa
1581 1437 1655 1469 vid.

927 1497 1078 1533 Aristot.
1100 1496 1190 1528 nist.
1211 1496 1326 1528 Anim.
1348 1496 1409 1527 IX.
1429 1502 1461 1526 c.
1479 1493 1547 1535 14,
1565 1493 1656 1525 Plin.

927 1553 971 1584 N.
995 1552 1039 1583 Η.
1062 1552 1104 1583 Χ.
1130 1560 1161 1584 c.
1184 1551 1238 1584 82.

972 1641 1024 1674 61.
1060 1638 1275 1672 Poeantius.
1308 1638 1544 1681 Philoctetes,
1561 1628 1657 1671 Poe-

929 1697 1022 1729 antis
1045 1697 1155 1738 filius,
1167 1704 1288 1729 comes
1306 1695 1491 1735 Herculis,
1503 1693 1548 1724 ab
1561 1693 1660 1724 Her-

931 1752 1013 1784 cule
1049 1752 1235 1784 morituro
1279 1750 1433 1792 sagittas
1468 1751 1661 1782 Lernaeae

930 1807 1071 1849 hydrae
1092 1807 1268 1849 sanguine
1288 1806 1405 1838 illitas
1429 1805 1525 1837 dono
1549 1809 1662 1834 acce-

931 1863 984 1904 pit
1019 1872 1098 1896 cum
1137 1863 1251 1903 iisque
1287 1860 1433 1894 Troiam
1470 1858 1661 1899 profectus

932 1920 999 1951 est.
1041 1920 1083 1950 In
1106 1925 1176 1958 quo
1206 1916 1337 1948 itinere
1358 1913 1540 1959 serpentis
1559 1921 1661 1945 mor-

930 1982 972 2005 su
996 1975 1059 2004 aut
1078 1972 1237 2014 sagittae
1258 1971 1344 2002 ictu>
1361 1969 1574 2001 vulneratus
1605 1971 1662 2000 te-

931 2027 1116 2061 ten-imum
1140 2027 1243 2059 ulcus
1266 2025 1410 2066 accepit
1430 2025 1500 2066 (V,
1520 2024 1556 2065 4,
1576 2023 1662 2064 123,

930 2083 1031 2115 cuius
1065 2083 1246 2115 foetorem
1283 2089 1363 2113 cum
1393 2078 1528 2112 Graeci
1559 2078 1663 2109 ferre

932 2138 1143 2180 nequirent,
1178 2137 1302 2175 Ulixis
1328 2135 1482 2169 consilio
1513 2141 1663 2175 aegrum

933 2194 970 2226 in
992 2195 1146 2234 Lemno,
1175 2192 1296 2224 insula
1320 2193 1481 2232 deserta,
1513 2188 1663 2230 exposi-

933 2251 1007 2281 tum
1030 2249 1273 2289 reliquerunt3
1296 2247 1358 2278 ubi
1379 2248 1412 2278 X
1426 2254 1540 2277 annos
1562 2253 1662 2276 sum-

933 2311 1012 2335 mos
1041 2303 1139 2335 inter
1168 2290 1352 2336 cru'ciatus
1380 2303 1541 2333 moratus
1578 2302 1664 2332 tan-

935 2360 1066 2405 dem-a
1096 2359 1270 2400 Graecis,
1302 2367 1381 2390 cum
1412 2357 1488 2389 sine
1516 2356 1596 2397 ipso
1627 2356 1666 2387 et

934 2408 1077 2455 sagittis
1099 2414 1172 2446 illis
1194 2415 1306 2447 Troia
1328 2414 1409 2454 capi
1431 2421 1505 2445 non
1523 2413 1664 2453 posset,

933 2471 1110 2502 liberatus
1139 2478 1162 2501 a
1183 2471 1386 2503 Machaone
1417 2471 1565 2502 sanatus
1596 2469 1663 2499 est.

935 2526 1038 2558 Pont.
1060 2525 1093 2567 Ι,
1116 2526 1152 2567 3,
1175 2528 1221 2567 5.,
1246 2525 1319 2558 Cic.
1341 2525 1440 2565 Disp.
1459 2523 1605 2556 Tuscul.
1619 2524 1664 2554 Π.

938 2589 969 2613 c.
992 2582 1038 2622 ⁷.,
1062 2583 1149 2613 Met.
1173 2582 1273 2622 xm,
1297 2580 1387 2622 313„
1407 2578 1665 2620 Hyg.F.102.,

937 2636 1040 2667 Hom.
1064 2637 1107 2668 Il.
1129 2637 1180 2677 11,
1204 2635 1295 2676 718„
1316 2635 1422 2676 Virg.
1439 2635 1483 2678 A.
1500 2635 1547 2674 X,
1569 2631 1664 2673 754„

937 2691 1046 2731 soph.
1068 2691 1298 2723 Philoctetes.
1355 2691 1410 2723 De
1440 2691 1576 2723 Lemno
1608 2688 1666 2719 in-

936 2745 1018 2776 sula
1047 2746 1156 2778 maris
1186 2746 1324 2787 Aegaei
1344 2746 1418 2779 vid.
1442 2745 1542 2778 Mela
1564 2745 1610 2775 11.
1634 2751 1665 2774 c.

936 2801 983 2842 7.,
1006 2800 1096 2833 min.
1119 2802 1162 2834 N.
1192 2802 1236 2834 11.
1267 2801 1331 2834 rv.
1362 2809 1394 2834 c.
1418 2792 1471 2833 1'2.
1493 2817 1536 2822 -
1560 2801 1666 2832 serv.

937 2863 1011 2887 non
1034 2856 1132 2888 erat.
