1846 3146
128 177 129 180 ’
193 164 296 216 154

439 162 497 213 Ρ.
533 161 758 214 0V1D11
790 160 1114 213 NASONIS
1147 161 1490 214 TRISTIUM

192 284 441 336 Tristibus
473 286 701 335 invectus
733 284 922 346 verbm,
961 286 1033 334 ita
1063 284 1296 352 Principe
1329 284 1542 351 dignum,

259 369 408 419 Ultus
443 383 500 419 es
534 369 764 428 offensam,
797 371 853 417 ut
888 366 1053 428 decet,
1087 369 1195 434 ipse
1227 372 1352 417 tuas.

193 449 348 499 Adde
384 450 516 516 quod
550 450 778 512 edictum,
813 452 1038 516 quamvis
1071 451 1250 500 immite
1282 452 1557 541 minaxque,
1624 447 1723 499 135

257 534 492 584 Attamen
524 536 576 583 in
608 548 800 600 poenae
833 536 1030 583 nomine
1061 533 1177 583 lene
1207 532 1316 581 fuit.

192 615 386 682 Quippe
419 617 686 682 relegatus,
720 633 819 666 non
852 617 1017 678 exsul,
1053 615 1194 665 dicor
1225 616 1277 663 in
1309 615 1419 676 illo,

255 699 513 766 Parcaque
547 700 775 749 fortunae
808 706 922 750 sunt
953 700 1026 775 ibi
1058 698 1215 750 verba
1244 713 1394 749 meae.

189 832 278 874 plex
300 833 367 867 illa
389 834 513 866 aetate
545 833 582 866 in
604 834 772 868 exsilium
793 834 926 876 agendi

189 890 334 922 modus:
381 889 521 922 Primus
565 888 665 922 iussu
702 891 924 931 decretoque

189 946 354 987 senatus,
378 944 479 986 quasi
501 944 557 976 rei
579 944 748 985 publicae
765 944 924 976 interes-

188 1001 262 1045 set,
308 999 367 1041 qui
411 999 663 1042 gravissimus,
708 1009 778 1041 quo
817 1001 923 1033 modo

189 1056 390 1097 Agrippam
412 1057 635 1098 Postumum,
659 1055 699 1088 O.
718 1055 862 1088 Gallum
886 1056 924 1087 et

188 1110 315 1151 pauno
352 1112 436 1152 post
468 1110 633 1143 Ovidium
661 1109 824 1143 Cassium
853 1112 924 1143 Se-

190 1172 319 1196 verum
332 1167 591 1198 condemnatos
615 1173 695 1197 esse
707 1166 923 1207 accepimus.

187 1220 271 1252 Vid.
295 1220 520 1254 Tac.Annal.
544 1221 571 1251 1.
596 1228 627 1252 c.
644 1221 691 1263 6.,
705 1222 822 1262 Heyn.
846 1221 926 1253 vita

187 1275 292 1316 Virg.
315 1282 348 1306 a.
386 1276 478 1318 728„
508 1275 713 1322 weichert.
744 1277 788 1307 de
823 1275 924 1309 Cass.

190 1331 307 1362 Parm.
331 1340 365 1371 p.
378 1331 455 1363 200.
475 1324 483 1330 χ
501 1331 608 1363 Alter
630 1340 697 1372 per
718 1331 854 1363 iudices
879 1340 926 1364 ex

188 1387 375 1418 variorum
399 1387 564 1419 ordinum
588 1385 746 1419 decuriis
768 1386 925 1428 electos,

188 1441 249 1481 qui
285 1448 331 1472 ex
372 1441 457 1482 lege
498 1442 716 1475 iudicabant.
779 1443 925 1474 Tertius

187 1504 304 1528 novus
335 1504 381 1528 ex
411 1497 554 1537 placitis
585 1497 787 1540 Principis,
830 1499 926 1539 quod

187 1553 412 1584 lenissimum
435 1553 535 1584 Naso
559 1552 728 1584 iudicium
752 1553 853 1594 dicit,
886 1555 927 1586 ut

188 1609 285 1648 quod
308 1607 531 1640 auctoritate
553 1608 683 1650 magis,
706 1617 811 1649 quam
828 1609 927 1641 scri-

188 1666 253 1704 pto
278 1663 358 1694 iure
382 1665 585 1705 constaret,
610 1663 732 1704 itaque
756 1671 802 1695 ex
825 1663 927 1695 arbi-

192 1719 265 1753 trio
278 1718 456 1758 Principis
479 1719 591 1751 facile
604 1719 811 1751 tolleretur.
843 1718 927 1750 vid.

190 1773 289 1813 Lips.
319 1775 365 1805 ad
395 1775 481 1806 Tac.
511 1776 643 1807 Annal.
667 1776 730 1807 111.
757 1782 788 1806 c.
811 1774 866 1806 21.
890 1776 927 1807 et

194 1827 249 1859 24.
294 1829 429 1860 Bersm.
453 1830 600 1862 secreto
630 1830 667 1862 d.
688 1831 786 1872 fata.
830 1832 927 1863 Mor.

191 1881 342 1915 iudicio.
398 1885 494 1916 Busl.
523 1885 626 1917 decr.
642 1886 850 1918 damnatur
866 1885 927 1917 vi-

193 1939 239 1970 ta
259 1939 405 1972 senatu.
449 1940 595 1972 Senatu
618 1941 726 1972 etiam
748 1942 849 1974 Leid.

235 2018 311 2050 132.
345 2017 495 2049 selecto
529 2017 665 2051 iudice.
726 2019 929 2050 Bersm.·et

188 2076 279 2106 vett.
305 2074 384 2124 edd.
407 2073 565 2127 secreto.
610 2074 708 2106 Busl.
733 2073 861 2105 electo.

235 2151 310 2190 133.
349 2149 551 2191 Tristibus,
565 2152 723 2195 asperis,
742 2151 927 2184 tristitiam

188 2206 493 2249 praeferentibus.
537 2207 621 2239 Vid.
644 2209 710 2250 111,
733 2210 770 2250 5,
779 2208 849 2250 26„
860 2208 928 2248 111,

192 2262 250 2304 11,
273 2263 346 2304 39„
369 2263 552 2311 Her-3111,
584 2263 660 2304 90„
684 2263 864 2295 Heindorf
882 2262 928 2294 ad

194 2321 284 2351 Hor.
308 2320 386 2351 Sat.
410 2319 442 2360 1,
466 2320 502 2359 5,
523 2317 614 2360 103„
633 2320 723 2351 Met.
737 2319 839 2359 XIV,
851 2316 928 2350 712.

195 2389 237 2395 -
259 2374 363 2405 Pont.
387 2374 436 2415 11,
461 2374 498 2415 7,
520 2375 574 2405 55.

258 2459 354 2492 Quem
371 2466 431 2487 non
450 2458 595 2486 obrueret
611 2456 697 2485 taciti
715 2463 834 2492 quoque
850 2454 929 2483 Cae-

588 2502 669 2531 saris
687 2501 754 2529 ira?

306 2547 418 2577 Addita
446 2551 518 2583 sunt
534 2547 642 2585 poenis
666 2553 808 2584 aspera
835 2547 930 2575 verba

590 2599 678 2620 meis.

199 2673 301 2706 Leid.
324 2672 450 2705 verbis
471 2671 511 2705 in
542 2671 729 2714 principe.
786 2673 884 2705 Busl.
907 2680 933 2704 a

190 2727 317 2770 princ.
341 2729 486 2771 dz’ynus.
509 2730 659 2770 —Put.,
682 2728 798 2770 Leid.,
819 2727 932 2770 Gan„

195 2786 310 2826 Mon,
333 2785 478 2827 Berol.,
512 2786 615 2826 Re1.‚
644 2784 766 2818 Heius.
795 2785 850 2816 ed.
873 2792 927 2824 pr.

193 2842 232 2873 et
264 2840 431 2882 reliquae
464 2842 555 2873 vett.
595 2842 747 2882 praeter
777 2841 931 2881 Bonon„

994 831 1148 875 diynum
1170 833 1236 865 est.
1281 832 1451 868 ceterum
1467 830 1653 873 Princeps
1675 832 1722 866 ti-

995 889 1092 922 tulus
1115 883 1286 931 Augusti,
1308 895 1413 928 quem
1434 888 1600 921 assumsit
1623 897 1656 921 a.
1680 891 1722 922 U.

995 946 1036 980 G.
1058 944 1285 986 DCCXXW,
1317 943 1384 976 sub
1407 952 1477 984 quo
1499 944 1723 985 potissimum

994 1001 1123 1042 titulo,
1176 1008 1260 1032 cum
1301 998 1488 1039 imperium
1528 999 1723 1031 consulare

991 1057 1218 1098 plerumque,
1241 1055 1458 1096 potestatem
1481 1053 1724 1095 tribuniciam,

993 1111 1219 1153 censoriam,
1251 1110 1545 1151 imperatoriam,
1576 1108 1723 1149 pontifi-

993 1168 1182 1206 catumque
1213 1167 1250 1198 et
1273 1166 1366 1198 alios
1388 1166 1546 1198 honores
1569 1164 1722 1195 coniun-

992 1224 1074 1254 ctos
1096 1224 1207 1262 atque
1230 1221 1432 1253 cumulatos
1455 1222 1613 1261 teneret,
1623 1226 1723 1250 rem—

991 1277 1173 1318 publicam
1187 1278 1269 1318 plus
1283 1277 1347 1308 XL
1369 1275 1473 1308 annis
1496 1274 1723 1315 temperavit.

990 1334 1074 1366 Vid.
1098 1335 1184 1366 Tac.
1207 1332 1337 1365 Annal.
1359 1333 1387 1363 1.
1412 1339 1442 1363 c.
1467 1330 1498 1363 1.
1521 1332 1553 1362 2.
1577 1331 1630 1372 9.,
1651 1330 1722 1363 Dio

991 1389 1089 1421 LIII.
1111 1397 1143 1420 c.
1168 1387 1321 1421 11—44.
1345 1388 1382 1419 et
1408 1386 1502 1420 LIV.
1527 1395 1558 1419 c.
1581 1385 1634 1418 10.

1038 1464 1113 1497 134.
1149 1464 1496 1507 Offensus—tuas,
1543 1465 1584 1496 ut
1614 1470 1725 1494 amor

992 1520 1079 1552 tuus
1109 1521 1243 1554 dicitur
1276 1530 1344 1562 pro
1375 1528 1485 1552 amor
1517 1517 1580 1550 tui.
1626 1518 1723 1550 Gall.

993 1584 1069 1618 qua
1079 1577 1194 1608 decet.
1240 1576 1385 1610 Pirckh.
1396 1584 1466 1607 nec
1481 1574 1597 1607 decet.
1641 1575 1723 1607 Bel.

992 1642 1062 1674 pro
1084 1643 1120 1666 v.
1142 1641 1217 1665 scr.
1239 1631 1283 1663 ut
1304 1631 1411 1664 decet
1434 1639 1512 1663 esse
1535 1629 1561 1661 t.

1038 1709 1114 1743 135.
1149 1707 1309 1742 Immite.
1353 1708 1524 1742 Heinsius
1547 1716 1567 1740 e
1582 1706 1660 1740 Pol.
1679 1706 1726 1747 1.,

993 1767 1070 1799 Pal.
1093 1767 1125 1798 2.
1150 1769 1186 1798 et
1207 1766 1340 1798 Franc.
1360 1763 1496 1805 primus
1531 1763 1629 1794 dedit
1650 1759 1725 1792 im-

993 1829 1114 1861 mane,
1138 1821 1233 1861 quod
1255 1828 1384 1860 parum
1413 1818 1585 1851 convenit
1608 1817 1725 1850 omni-

994 1877 1060 1909 bus
1083 1877 1171 1918 illis,
1195 1884 1287 1916 quae
1311 1877 1356 1908 de
1377 1875 1442 1908 illo
1462 1873 1594 1906 iudicio
1619 1871 1725 1912 dixit,

994 1934 1032 1964 et
1072 1931 1258 1971 scriptura
1294 1930 1449 1963 omnium
1486 1935 1603 1970 prope
1641 1926 1725 1959 libr.

991 1986 1132 2018 immite
1155 1989 1239 2026 apte
1262 1986 1462 2026 respondet
1474 1984 1528 2016 illi
1543 1984 1625 2015 lene
1633 1989 1724 2014 ver-

992 2050 1054 2074 sus
1076 2042 1269 2082 sequentis.
1325 2041 1495 2074 ceterum
1524 2039 1631 2070 erant
1658 2044 1724 2082 ref-

993 2096 1142 2139 scrt'pta
1170 2096 1370 2138 Principis,
1398 2093 1554 2128 decreta
1581 2094 1619 2124 et
1641 2089 1724 2124 edi-

993 2153 1068 2185 cta.
1123 2150 1366 2192 Rescriptum
1409 2150 1491 2181 erat
1534 2149 1726 2189 scriptum,

994 2215 1065 2248 quo
1097 2207 1143 2238 de
1164 2207 1244 2239 iure
1267 2205 1538 2238 consulentibus
1567 2211 1725 2245 respon-

995 2262 1121 2303 debat;
1167 2262 1382 2302 decretum,
1427 2259 1458 2292 si
1487 2259 1566 2300 ipse
1595 2266 1726 2291 caussa

996 2316 1144 2358 cognita
1166 2317 1400 2357 partibusque
1422 2315 1554 2347 auditis
1576 2316 1725 2347 senten-

995 2372 1081 2404 tiam
1105 2372 1262 2412 diceret;
1287 2370 1460 2411 edictum,
1481 2371 1514 2402 si
1523 2374 1622 2402 motu
1634 2378 1724 2410 pro-

995 2427 1076 2468 prio
1113 2428 1160 2459 ad
1191 2427 1383 2459 utilitatem
1413 2425 1543 2459 civium
1576 2423 1725 2466 aliquid,

996 2485 1036 2516 ut
1076 2492 1145 2524 pro
1183 2483 1266 2524 lege
1307 2483 1430 2524 esset,
1475 2480 1724 2514 constitueret.

995 2537 1137 2571 Edicta
1164 2538 1318 2579 Augusti
1347 2538 1456 2578 plura
1477 2537 1725 2569 memorantur

996 2602 1020 2626 a
1041 2595 1141 2627 Suet.
1166 2594 1203 2626 in
1227 2594 1306 2627 Oct.
1328 2610 1372 2616 —-
1392 2593 1438 2626 V.
1463 2592 1537 2624 136.
1572 2592 1671 2623 Leid.
1688 2592 1726 2623 et

998 2650 1094 2682 Gall.
1125 2649 1163 2681 et
1191 2649 1327 2682 tamen.
1393 2647 1488 2680 Busl.
1523 2648 1561 2678 et
1593 2646 1628 2678 V
1662 2646 1726 2679 alii

998 2705 1118 2737 Heins.
1142 2703 1181 2737 ia
1204 2704 1338 2736 tamen.

1043 2780 1119 2813 137.
1155 2780 1298 2824 Quippe
1338 2779 1537 2821 relegatus.
1600 2777 1726 2811 Multis

998 2837 1091 2870 locis
1115 2839 1226 2878 poeta
1252 2835 1475 2879 generaliori
1502 2842 1544 2867 se
1583 2833 1727 2867 nomine
