1846 3146
200 169 301 220 304

444 169 501 220 Ρ.
538 167 761 220 0V1D11
794 166 1112 220 NASONIS
1146 168 1491 220 TRISTIUM

199 291 328 340 Dum
361 296 519 340 tamen
553 308 672 340 aura
703 295 854 357 tepet,
888 290 1049 341 medio
1085 287 1393 342 defendImur
1424 293 1581 353 lstr03

266 374 364 424 Ille
397 376 499 423 suis
532 373 748 439 liquidus
781 374 916 427 bella
949 375 1150 441 repellit
1183 376 1336 440 aquis.

197 458 273 509 At
307 473 413 508 cum
447 459 602 506 tristis
636 457 789 506 hiems
822 457 1098 523 squalentia
1130 458 1335 524 protulit
1369 473 1472 520 ora,

266 542 522 605 Terraque
555 555 823 589 marmoreo
859 545 935 590 est
970 540 1182 590 candida
1215 540 1348 589 facta
1386 541 1519 606 gelu,

1659 539 1728 591 10

200 625 356 686 (Dum
387 627 524 691 patet
557 628 607 671 et
639 624 829 673 Boreas
864 628 915 672 et
947 626 1034 673 nix
1063 626 1246 672 iniecta
1279 623 1370 673 sub
1404 623 1593 687 Arcto]

264 708 392 757 Tum
425 707 595 772 liquet,
629 704 719 756 has
754 711 928 771 gentes
964 722 1060 756 axe
1095 711 1330 756 tremente
1364 709 1530 773 premi.

197 867 244 893 ac
265 857 493 892 mollioribus
513 857 675 892 moribus
695 857 930 892 meis.-—xv

197 914 358 957 Heinsii,
385 914 462 947 Pal.
488 911 543 955 1.‚
573 913 719 955 Guelf„
750 913 871 945 Berol.
894 915 932 945 et

196 972 288 1002 vett.
318 970 401 1001 edd.
429 976 525 1010 quae
552 977 639 1002 non.
696 970 803 1002 Rern.
832 967 932 1009 quod

197 1033 285 1058 non.
330 1026 438 1059 Serv.
460 1025 497 1057 et
517 1033 604 1057 non.
776 1014 780 1022 ⁸

242 1103 275 1135 ¹7.
309 1100 450 1145 Medio,
473 1102 678 1135 interiecto.
724 1103 775 1144 11,
799 1100 874 1134 192.

239 1180 272 1213 8.
297 1178 479 1221 Liquetius
495 1178 596 1212 bella
616 1177 782 1220 repellit,
803 1186 929 1219 quam-

197 1235 258 1268 diu
310 1235 376 1268 vel
425 1235 506 1268 dum
557 1233 713 1274 liquidus
759 1235 816 1266 est
826 1255 843 1276 ,
893 1235 931 1266 et

195 1300 271 1325 non
300 1288 534 1332 congelav‘It,
566 1289 718 1322 hostiles
748 1289 931 1321 barbaro-

194 1356 276 1381 rum
286 1346 514 1380 incursiones
526 1346 641 1377 arcet.
678 1345 781 1378 XXV
790 1344 930 1386 Heius„

196 1403 310 1445 nusi„
330 1402 478 1443 Dresd.,
500 1401 622 1442 Rern„
644 1399 726 1432 Rel.
748 1402 786 1433 et
807 1399 929 1432 Berol.

195 1455 360 1500 liquidis,
383 1466 416 1499 q.
440 1465 472 1488 e.
494 1453 931 1509 dum(aquae]liq15idae

194 1513 293 1545 sunt.
348 1513 421 1545 Sed
445 1512 547 1553 prior
569 1511 754 1552 scriptura
777 1510 930 1552 elegan-

195 1569 270 1602 tior
291 1568 376 1602 mihi
398 1568 540 1609 quidem
562 1567 717 1600 videtur.

241 1647 273 1679 9.
306 1644 359 1678 At
381 1653 466 1678 cum
488 1643 613 1677 tristis
635 1642 752 1676 hiems
770 1643 840 1676 etc.
874 1646 930 1677 A-

195 1703 247 1736 lia
269 1701 394 1734 hiemis
417 1701 538 1743 imago
561 1702 617 1733 est
638 1701 727 1733 Met.
745 1701 829 1743 XV,
852 1700 928 1733 212.

261 1776 338 1806 Inde
357 1773 464 1804 senilis
489 1774 586 1802 hiems
609 1774 738 1802 tremulo
756 1774 841 1803 venit
857 1776 930 1804 hor-

598 1818 666 1847 rida
682 1826 784 1854 passu.

198 1892 304 1927 Conf.
326 1892 414 1925 Met.
432 1891 485 1932 11,
504 1890 558 1922 30.
602 1890 690 1922 Hor.
706 1889 821 1930 Epod.
834 1891 885 1932 11,
897 1890 929 1922 7.

261 1992 294 1997 -
326 1982 417 2011 quum
440 1975 583 2003 decorum
606 1974 729 2003 mitibus
752 1974 848 2010 pomis
874 1982 927 2003 ca-

589 2022 644 2054 put

261 2063 448 2094 Auctumnus
465 2064 547 2094 arvis
565 2063 683 2092 extulit.

197 2135 294 2169 Gall.
326 2136 363 2166 ct
390 2134 491 2167 Leid.
519 2132 597 2166 sed.
656 2132 758 2166 Leid.
787 2130 929 2163 dum—-

194 2188 382 2232 pertulit*

191 2319 195 2322 γ
242 2278 295 2311 10.
328 2278 425 2311 Gall.
433 2299 448 2320 ,
470 2279 567 2311 Mor.
577 2299 591 2320 ,
620 2276 722 2310 Leid.
743 2275 831 2317 gelu
861 2274 928 2317 est,

197 2335 291 2375 quod
331 2333 483 2375 primum
524 2333 663 2365 induxit
704 2334 928 2364 Burmannus

195 2391 272 2422 Pal.
297 2389 349 2431 1.,
373 2389 494 2421 Berol.
506 2410 520 2431 ,
543 2389 673 2421 Dresd.
697 2390 735 2420 et
757 2387 929 2429 permulti

197 2445 320 2478 Heius.
344 2445 401 2476 est
421 2444 531 2488 plane
561 2443 739 2476 omittunt.
793 2444 929 2486 Guelf.,

196 2502 297 2542 Put.,
325 2499 403 2532 Pol.
426 2499 457 2531 1.
482 2500 520 2530 et
542 2499 596 2540 2.,
630 2500 698 2531 XV
722 2499 784 2532 alii
806 2498 930 2532 Heius.

197 2557 235 2587 et
257 2555 347 2587 vett.
371 2554 450 2585 edd.
471 2561 687 2586 marmoreo
711 2555 779 2586 est.

240 2641 293 2674 11.
317 2641 418 2673 Dum
434 2641 543 2681 patet
561 2641 630 2674 etc.
661 2642 725 2674 Ed.
737 2650 792 2682 pr.
805 2641 928 2674 Heius.

197 2699 286 2731 tum.
338 2696 483 2729 Pirckh.
514 2698 551 2728 et
581 2697 635 2728 ed.
658 2698 795 2729 Bonou.
818 2697 929 2729 dum-

198 2762 268 2795 que
288 2752 408 2795 patet.
453 2753 543 2793 neg.
557 2753 636 2799 tum¹
659 2751 840 2785 statimur
861 2753 929 2785 bo-

197 2817 315 2841 ream.
382 2807 558 2840 Nonnulli
601 2806 723 2839 Heius.
760 2807 798 2839 et
840 2815 929 2839 ηοω.

198 2867 277 2898 Put.
306 2860 555 2904 nioewinqesta.
620 2863 729 2904 Segu.
760 2863 929 2896 advecta.

998 858 1096 891 Mor.
1126 865 1196 899 pro
1224 867 1261 891 v.
1290 866 1362 892 scr.
1391 857 1549 901 aquata.
1594 859 1732 893 Francf

998 911 1181 944 habitata.
1224 913 1327 946 Leid.
1348 914 1524 948 subiecta.
1578 915 1655 948 Pal.
1675 917 1724 959 2.,

999 968 1273 1018 Serv.,213erol.‚
1291 970 1348 1012 οὐ.
1362 979 1418 1011 pr.
1434 970 1555 1003 Heins-
1572 969 1727 1003 etmulti

998 1019 1054 1065 (ἓ)
1078 1024 1199 1057 Heius.
1223 1026 1326 1059 codd.
1339 1023 1520 1059 multare.
1536 1027 1676 1059 :nerem
1687 1027 1726 1059 et

997 1081 1089 1111 vett.
1112 1081 1190 1112 edd.
1212 1079 1370 1114 iactata.
1413 1081 1556 1123 Reliqui
1575 1080 1728 1114 iniecta«

996 1134 1072 1167 Pal.
1098 1134 1143 1177 1.,
1166 1136 1260 1178 Put.,
1283 1138 1376 1179 1un.,
1397 1137 1493 1168 Busl.
1521 1136 1590 1169 snb
1614 1138 1727 1171 arcto

997 1189 1065 1221 est.
1095 1206 1137 1211 —
1170 1190 1272 1223 Libri
1306 1194 1395 1224 vett.
1435 1192 1547 1234 igitur
1581 1193 1729 1226 tuentur

995 1243 1135 1277 iniecta
1166 1248 1229 1278 aut
1255 1238 1422 1287 iactata,-
1451 1253 1534 1278 nam
1562 1247 1729 1288 reliquae

996 1309 1096 1333 varr.
1118 1303 1203 1333 sunt
1225 1302 1480 1343 corruptiones
1503 1309 1550 1334 ex
1565 1301 1641 1335 illis
1658 1291 1726 1335 du·-

997 1357 1087 1388 abus
1107 1356 1310 1398 scripturis.
1343 1356 1469 1391 secuti
1480 1364 1614 1400 sumus,
1635 1365 1730 1399 quae

996 1412 1171 1445 maiorem
1214 1413 1320 1446 fidem
1363 1412 1556 1446 vetustatis
1602 1413 1728 1457 hahet,

997 1468 1218 1509 scripturam
1243 1468 1404 1510 iniecta,
1428 1476 1520 1510 quae
1540 1469 1729 1510 accipien-

997 1525 1044 1556 da
1066 1524 1211 1556 videtur
1233 1532 1302 1564 pro
1325 1523 1532 1556 cumulata.
1555 1541 1595 1547 -
1615 1524 1730 1559 cete-

995 1587 1075 1612 rum
1097 1579 1221 1621 paullo
1249 1579 1372 1613 laxior
1403 1581 1495 1612 ordo
1524 1579 1728 1612 sententia-

995 1642 1075 1666 rum
1099 1635 1155 1667 est
1163 1644 1176 1676 ;
1199 1637 1391 1676 exspectes
1415 1636 1508 1668 enim
1531 1637 1614 1676 post
1634 1642 1726 1667 ver-

995 1697 1073 1721 sum
1098 1689 1128 1721 9.
1153 1690 1190 1721 et
1214 1689 1284 1722 10.:
1315 1690 1392 1722 tum
1420 1689 1539 1723 hostis·
1564 1687 1727 1730 undique

997 1751 1113 1784 super
1143 1742 1307 1786 ylaciem
1333 1743 1529 1787 irrumpit,
1557 1753 1626 1786 pro
1655 1750 1727 1785 qua

997 1799 1149 1840 apodosi
1174 1800 1326 1832 liberius
1357 1801 1467 1834 dicitz.
1491 1801 1572 1833 tum
1600 1799 1727 1832 omm'a

996 1853 1126 1887 hiemis
1142 1854 1364 1888 Tomitanae
1379 1855 1564 1898 inqruunt
1579 1854 1726 1888 incom-

994 1909 1126 1952 moda,
1157 1910 1195 1942 in
1224 1910 1350 1952 quibus
1371 1911 1525 1945 inferius
1547 1922 1584 1945 v.
1605 1912 1662 1944 ³8.
1682 1919 1726 1943 e-

995 1964 1082 1998 tiam
1109 1965 1198 1998 illae
1228 1966 1380 1999 hostiles
1411 1966 1640 2000 incursiones
1659 1976 1726 2000 su-

994 2030 1063 2063 per
1091 2022 1322 2064 congelatum
1351 2023 1481 2054 flumen
1515 2024 1726 2065 tanguntur.

993 2068 1115 2118 Atque
1135 2077 1189 2109 ita
1209 2076 1324 2108 series
1337 2077 1514 2110 orationis
1529 2077 1641 2118 plana
1657 2080 1727 2110 est.

994 2132 1192 2165 obscurior
1206 2139 1298 2164 vero
1311 2133 1367 2164 est
1390 2132 1555 2173 quaestio
1578 2134 1623 2165 de
1634 2140 1725 2167 ver-

992 2196 1037 2219 su
1059 2187 1128 2230 11.,
1151 2188 1244 2219 unde
1266 2187 1435 2220 Heinsius
1458 2196 1538 2220 cum
1557 2187 1640 2220 aliis
1663 2190 1726 2222 to-

994 2244 1069 2275 tum
1082 2242 1262 2275 distichon
1277 2242 1516 2274 adulterinum
1532 2251 1613 2276 esse
1636 2252 1727 2278 cen-

994 2298 1076 2330 suit.
1125 2297 1264 2330 verum
1292 2296 1325 2339 si
1352 2307 1387 2330 v.
1417 2297 1469 2330 11.
1497 2307 1565 2340 pro
1588 2307 1726 2340 paren-

995 2353 1090 2385 thesi
1111 2353 1325 2395 accipimus,
1338 2353 1519 2386 sententia
1533 2354 1623 2386 satis
1638 2355 1728 2395 apte

995 2410 1195 2442 cohaerere
1217 2408 1380 2441 videtur}
1412 2406 1466 2440 At
1486 2417 1571 2442 cum
1600 2410 1726 2444 tristis

993 2464 1168 2497 hiems...
1189 2465 1278 2505 gelu
1300 2464 1349 2502 (9.
1370 2463 1442 2502 10.)
1467 2465 1573 2503 [dum
1595 2465 1632 2498 et
1654 2465 1723 2498 bo-

995 2528 1086 2553 reas
1108 2520 1146 2552 et
1172 2518 1243 2551 nia>
1271 2517 1412 2552 iniecta
1440 2519 1509 2552 sub
1532 2519 1652 2553 Arcto
1675 2530 1724 2554 a-

994 2573 1166 2616 peritur]
1169 2596 1182 2617 ,
1196 2575 1274 2607 tum
1286 2573 1413 2617 liquet,
1427 2575 1496 2607 has
1511 2575 1640 2616 gentes
1654 2576 1723 2609 sub

995 2631 1165 2663 extremo
1175 2629 1433 2671 septentrione
1443 2628 1626 2663 habitare.
1639 2630 1725 2665 Nioe

995 2685 1126 2725 (enim)
1147 2684 1251 2718 iacet
1265 2709 1274 2719 .
1294 2709 1303 2718 .
1321 2709 1331 2718 .
1351 2702 1396 2710 --
1417 2686 1550 2719 Similis
1571 2690 1722 2721 senten-

995 2741 1068 2773 tiae
1101 2743 1219 2783 figura
1258 2750 1338 2774 cum
1375 2741 1484 2774 simili
1514 2742 1724 2782 parenthesi

997 2798 1053 2828 est
1074 2797 1220 2829 Remed.
1243 2807 1278 2829 v.
1301 2796 1378 2829 413.
1398 2804 1496 2837 seqq.

1044 2862 1242 2895 fremente
1264 2862 1310 2894 ab
1332 2861 1481 2904 effectu,
1491 2869 1560 2903 pro
1572 2859 1723 2902 trepido
