1846 3146
159 170 260 227 438

401 168 457 219 P.
495 166 718 218 0V1D11
750 165 1067 219 NASONIS
1101 156 1446 218 TRISTIUM

162 292 224 343 Si
258 298 418 342 tamen
450 305 516 339 ex
545 289 696 339 vobis
731 289 924 355 aliquis,
960 293 1055 338 tam
1088 289 1252 351 multa,
1289 291 1523 355 requiret,
1622 287 1693 338 25

229 374 375 427 Unde
411 362 632 422 dolenda?
663 374 854 422 canam:
886 399 955 408 —-
985 372 1135 421 multa
1170 372 1390 425 dolenda*
1419 372 1525 422 tuli.

164 458 282 509 Non
315 458 439 506 haec
472 458 687 521 ingenie,
723 472 820 505 non
853 456 978 519 haec
1013 449 1349 522 componimus
1373 460 1502 504 arte:

229 542 439 590 Materia
474 546 550 588 est
583 543 795 606 propriis
829 542 1087 605 ingeniosa
1120 539 1275 588 malis.

164 625 232 675 Et
267 629 414 688 quota
446 622 675 672 fortunae
709 640 824 689 pars
859 629 935 672 est
967 626 1018 671 in
1051 625 1262 672 carmine
1297 618 1530 670 nostrae?

230 707 397 766 Felix,
434 709 515 771 qui
548 703 744 772 patitur,
783 721 906 770 quae
940 721 1192 754 numerare
1227 703 1438 772 potest!'
1628 700 1696 751 30

164 790 295 851 Quot
329 791 533 838 frutices
567 790 745 849 silvae,
783 794 900 854 quot
934 789 1092 838 flavas
1126 789 1294 839 Tibris
1326 804 1518 848 arenas,

232 873 412 922 Mollia
444 877 564 937 quot
597 873 773 920 Martis
809 874 1026 936 gramina
1062 869 1274 938 Campus
1308 871 1483 932 habet3

166 957 269 1006 Tot
302 956 429 1005 mala
464 955 766 1022 pertulimuS‚
803 970 1003 1019 quorum
1035 954 1278 1014 medicina
1311 956 1547 1020 quiesque

230 1040 388 1090 Nulla
422 1041 518 1088 nisi
551 1040 602 1086 in
635 1037 800 1087 studio
834 1037 1180 1103 Pieridumque
1213 1052 1348 1086 mora
1385 1041 1475 1101 est.
1534 1090 1536 1092 ,

167 1189 232 1223 tui.
267 1190 369 1223 Leid.
387 1188 549 1222 crimina
563 1187 666 1230 flenti.
695 1189 780 1230 Seg.
799 1188 901 1230 quod

164 1254 351 1288 superem.

211 1326 266 1358 25.
299 1323 365 1356 Em
397 1322 512 1356 vobis.
566 1324 712 1364 Fragm.
747 1323 832 1355 Vat.
863 1324 901 1355 et

166 1382 243 1414 Pal.
267 1381 298 1414 1.
318 1390 337 1413 e
356 1379 471 1412 vobis.
505 1379 622 1420 Leid.,
634 1380 686 1410 111
703 1378 766 1411 alii
777 1379 901 1412 Heius.

167 1441 204 1471 et
226 1439 306 1471 Rel.
329 1435 503 1478 requirit.
550 1436 649 1468 Idem
674 1435 795 1468 Berol.
822 1443 846 1467 a
869 1435 900 1468 1.

166 1502 212 1525 m.
258 1493 367 1526 Goth.
391 1490 579 1534 requirat.

127 1616 129 1618 Ι
210 1571 264 1603 28.
297 1569 525 1612 lumniosa,
555 1570 660 1612 uber,
682 1568 839 1611 fertilis,
863 1569 902 1601 ut

167 1629 255 1661 Her.
276 1628 347 1669 VI,
370 1627 446 1659 117.

232 1702 297 1729 Dos
319 1700 376 1729 tibi
401 1699 530 1728 Lemnos
566 1699 646 1734 erit,
672 1702 755 1728 terra
779 1700 901 1736 ingeni-
919 1721 929 1725 -

565 1751 620 1772 osa
638 1744 762 1772 colenti.

168 1784 266 1818 Fast.
290 1783 358 1824 IV,
383 1781 459 1815 684.

234 1872 269 1877 —-
302 1871 335 1877 --
369 1857 424 1885 sed
452 1855 492 1885 ad
525 1858 647 1891 segetes
671 1854 848 1891 ingeniosus
866 1862 902 1883 a—

569 1908 633 1936 ger.

214 1971 269 2002 29.
301 1968 482 2001 Nostrae.
535 1968 612 2000 Pal.
642 1967 673 2000 1.
703 1970 740 1999 et
768 1969 805 2000 V
839 1966 903 1999 alii

171 2027 293 2059 Heius.
322 2030 360 2057 et
387 2024 468 2056 Bel.
497 2024 644 2054 nostro.
706 2024 802 2054 Mor.
849 2021 905 2054 Et

170 2081 287 2122 quota
318 2087 417 2119 pars
451 2078 608 2110 nostrae
641 2077 827 2120 fortunae
862 2077 904 2109 in

171 2133 341 2168 carmine
363 2133 496 2178 nostro
522 2129 604 2165 est?

217 2214 271 2246 3⁰.
305 2210 447 2244 Potest.
501 2209 549 2243 Et
578 2210 649 2243 hoc
681 2210 769 2243 loco
791 2210 905 2243 Hein-

171 2269 246 2301 sius
269 2276 316 2300 ex
339 2276 412 2301 uno
436 2266 560 2300 Comb.
583 2267 748 2304 (Di-esd.)
769 2269 908 2299 temere

171 2324 313 2356 induxit
333 2323 448 2355 valet.
492 2323 577 2355 vid.
600 2325 677 2355 not.
699 2322 747 2355 ad
768 2323 855 2354 Her.
872 2323 905 2364 1,

174 2381 249 2413 106.

216 2457 269 2490 31.
301 2456 457 2488 Flavus.
503 2454 599 2487 Busl.
619 2453 762 2497 fulvas.
807 2453 905 2485 Fla-

173 2515 258 2544 vum
270 2512 425 2544 Tiberim
444 2511 506 2543 vel
522 2510 646 2552 flavas
665 2507 811 2541 Tiberis
833 2517 906 2540 un-

173 2568 242 2600 das
286 2567 361 2606 vel,
395 2575 538 2599 arenas
585 2566 664 2607 quis
713 2564 906 2606 poetarum

173 2623 388 2655 Latinorum
418 2630 492 2654 non
523 2617 640 2655 dixit?
686 2623 774 2653 Met.
804 2621 907 2662 XIV,

172 2678 266 2720 448„
287 2679 391 2719 Virg.
414 2679 457 2710 Α.
481 2678 533 2719 ΙΙ,
555 2677 588 2709 7.
612 2675 665 2709 31.
676 2697 691 2718 ,
721 2677 809 2708 Hor.
841 2675 907 2708 od.

175 2737 208 2778 Ι,
231 2736 268 2778 2,
293 2734 362 2776 13„
384 2733 556 2766 Albinov.
578 2732 681 2774 Eleg.
705 2741 740 2764 v.
764 2730 839 2763 221.

218 2813 272 2846 32.
306 2810 457 2845 Mollia.
516 2810 616 2844 Leid.
646 2806 780 2841 nullia.
833 2806 913 2839 Sei}

173 2868 288 2900 molle
309 2866 497 2909 proprium
519 2864 694 2908 graminis
711 2863 907 2905 epitheton.

967 1189 1051 1221 Vid.
1073 1190 1126 1231 V,
1148 1187 1185 1230 4,
1209 1187 1241 1220 9.
1285 1186 1426 1219 vat.
1473 1185 1569 1219 Gall.
1593 1192 1700 1217 eam-

965 1252 1038 1285 pus
1067 1242 1245 1286 gramina
1277 1241 1434 1274 Martis.
1465 1257 1510 1272 -ω
1539 1240 1701 1282 Campus

967 1299 1112 1331 Martis
1134 1301 1191 1332 est
1207 1299 1415 1332 notissimus
1427 1297 1582 1338 Campus
1595 1298 1702 1335 Mar-

969 1355 1040 1387 tius
1070 1356 1207 1387 Romae
1217 1377 1231 1397 ,
1262 1355 1307 1387 de
1336 1363 1406 1396 quo
1435 1354 1518 1387 Liv.
1543 1354 1592 1385 11.
1615 1361 1647 1385 c.
1669 1354 1702 1384 5.

967 1409 1070 1451 Ayer
1095 1408 1404 1451 Tarquiniorum,
1427 1408 1493 1451 qui
1510 1407 1612 1440 inter
1625 1407 1702 1440 Ur-
1758 1439 1765 1446 ,

969 1464 1049 1497 bem
1073 1465 1109 1497 et
1136 1464 1302 1505 Tibe-rim
1328 1464 1424 1507 fuit,
1454 1463 1703 1504 consecratus

967 1520 1116 1563 Marti,
1159 1518 1332 1552 Martius
1376 1518 1509 1552 deinde
1539 1517 1703 1557 Campus

966 1576 1052 1618 fuit.
1096 1577 1138 1607 In
1161 1582 1206 1607 eo
1230 1577 1267 1607 et
1291 1575 1435 1607 comitia
1460 1574 1703 1614 habebantur,

970 1635 1007 1664 et
1019 1639 1179 1672 corpora
1190 1630 1414 1662 exercebant
1422 1629 1588 1662 Romani.
1617 1627 1702 1660 Vid.

969 1688 1042 1728 ΙΙΙ,
1067 1686 1124 1728 13,
1143 1686 1218 1728 19.,
1242 1687 1331 1719 Hor.
1355 1686 1420 1719 od.
1444 1686 1476 1727 1,
1499 1684 1535 1726 8,
1558 1684 1592 1717 4.
1609 1685 1646 1715 et
1670 1684 1704 1725 1,

970 1744 1006 1785 9,
1020 1742 1072 1775 18.
1104 1743 1222 1775 Etiam
1239 1742 1454 1783 simpliciter
1473 1738 1635 1780 Campus
1647 1737 1705 1770 di-

971 1799 1077 1832 citur.
1141 1799 1221 1830 Art.
1249 1799 1293 1830 A.
1324 1798 1393 1838 111,
1421 1796 1499 1828 385.
1558 1792 1704 1827 Martis

971 1855 1135 1896 Campus
1151 1855 1208 1886 est
1233 1853 1341 1885 etiam
1358 1852 1454 1892 apud
1475 1853 1560 1884 Tac.
1574 1848 1704 1882 Annal.

971 1914 999 1944 1.
1025 1919 1056 1944 c.
1079 1911 1112 1944 8.
1158 1911 1247 1943 Hor.
1271 1909 1336 1942 Οὐ.
1359 1908 1430 1950 IV,
1454 1906 1492 1949 1,
1515 1906 1570 1938 38.

1034 2000 1069 2006 -·
1102 2000 1136 2004 -
1168 1999 1202 2003 —-
1235 1999 1270 2003 —
1303 1982 1364 2011 iam
1379 1982 1535 2010 volucrem
1553 1986 1665 2016 sequor

1037 2029 1079 2056 Te
1113 2035 1168 2063 per
1202 2027 1379 2063 gramina
1412 2022 1546 2052 Martii

1086 2071 1233 2107 Campi,
1257 2075 1288 2100 te
1306 2078 1361 2107 per
1378 2076 1484 2119 aquas,
1507 2067 1594 2102 dure,
1610 2066 1703 2095 volu·

970 2153 1053 2187 vm.
1075 2155 1122 2186 aa
1144 2155 1177 2195 1,
1201 2155 1237 2195 5,
1259 2151 1313 2184 47.
1366 2114 1449 2142 ’Μ’

1016 2231 1069 2263 33.
1093 2228 1286 2262 Medicina
1298 2227 1483 2271 quiesque.
1514 2227 1620 2262 conf.
1634 2227 1705 2270 IV,

974 2285 1032 2328 ιο,
1056 2285 1131 2317 118.

1015 2362 1068 2395 34.
1103 2359 1239 2393 Studio
1270 2360 1337 2392 est.
1391 2359 1540 2392 Plurimi
1567 2357 1705 2401 Heius„

970 2418 1090 2458 Busl.,
1120 2410 1254 2459 Gonu,
1276 2416 1379 2457 Bel„
1404 2414 1536 2456 crev.,
1559 2414 1706 2456 Dresd.,

972 2473 1093 2505 Guelf.
1115 2479 1138 2503 a
1163 2471 1193 2503 1.
1217 2480 1261 2503 m.
1285 2474 1323 2504 et
1345 2472 1434 2503 vett.
1458 2470 1537 2502 edd.
1559 2467 1599 2500 in
1621 2469 1706 2500 stu-

971 2528 1034 2561 dio
1063 2529 1119 2561 est
1148 2527 1192 2559 P.
1222 2534 1347 2558 mora.
1401 2525 1478 2557 Pal.
1508 2525 1561 2568 1.,
1592 2525 1706 2567 Gau„

971 2585 1065 2626 Iun„
1087 2585 1180 2616 VIII
1209 2582 1273 2614 alii
1296 2581 1419 2614 Heius.
1442 2582 1479 2612 et
1500 2579 1621 2612 Ber-ol.
1645 2579 1704 2611 est

973 2641 1152 2672 omittunt.
1213 2640 1308 2671 Mor.
1341 2635 1382 2668 in
1410 2634 1536 2668 studio
1571 2635 1627 2668 est
1660 2635 1705 2668 Ρ.

972 2704 1084 2728 mora
1107 2695 1174 2727 est.
1217 2695 1354 2726 Bersm.
1377 2693 1415 2724 et
1431 2692 1485 2724 vl
1503 2691 1566 2724 alii
1582 2690 1705 2723 nefins.

971 2739 1085 2783 mora
1113 2750 1187 2791 est,
1221 2751 1261 2781 ut
1293 2754 1390 2779 nunc
1425 2747 1539 2788 vulgo
1575 2746 1705 2778 editur.

973 2806 1047 2838 Sed
1070 2804 1229 2837 dedimus
1250 2803 1487 2843 scripturam,
1512 2809 1604 2843 quae
1626 2808 1707 2833 ma-

972 2861 1105 2894 ximam
1126 2860 1236 2894 habet
1257 2857 1515 2893 auctoritatem
1538 2856 1706 2889 vetusta-
1757 2868 1759 2870 ·

1785 1140 1797 1152 l

1842 1187 1846 1192 .
1840 1171 1846 1175 ¹
1841 1152 1846 1160 .
1835 1115 1846 1140 ,m
1845 1097 1846 1100 „
1835 918 1846 1061 ‚mazam-ff...

1827 2591 1846 2802 ,qu-..mtssm
1844 2563 1846 2569 .
1842 2521 1846 2523 ,
1841 2493 1846 2500 ,
1841 2415 1846 2470 ......
