1846 3146
602 139 729 190 LIB.
762 139 800 188 1.
855 137 1055 189 ELEG.
1090 139 1140 188 1.
1201 129 1208 134 ’

1556 141 1622 188 25

110 228 309 330 Feliees
344 267 519 310 ornent
546 261 671 310 haec
701 249 1014 309 instrumenta
1045 221 1276 319 li'bellosss

172 344 421 394 Fortunae
438 329 703 392 ⁸memorem
734 347 785 390 te
819 341 965 391 decet
995 358 1107 391 esse
1139 358 1287 391 meae.

1556 325 1621 391 1'0

108 427 222 476 Nee
254 426 423 490 fragili
453 428 672 490 geminae
704 425 949 491 poliantur
979 427 1168 490 pumice
1200 425 1405 483 frontes,

0 550 13 574 e
110 504 114 513 '
173 509 401 558 Hirsutus
433 510 592 574 passis
625 513 678 555 ut
709 506 913 555 videare
947 509 1111 556 comis.

2 627 10 640 .
68 591 70 593 ’
108 590 258 639 Neve
289 590 536 639 liturarum
567 589 777 655 pudeatz
814 591 895 654 qui
928 589 1111 638 viderit
1143 589 1275 649 illas,

175 673 253 721 De
283 672 496 729 lacrimis
530 672 687 721 factas
718 674 895 720 sentiat
928 687 1040 721 esse
1073 675 1206 721 meis.
1239 701 1305 708 —

172 816 208 822 -
221 815 256 822 ·-
273 801 359 846 pueri
377 801 469 830 rubor
485 808 538 829 ora
556 804 681 831 notavit.

108 859 183 892 cic.
205 856 312 892 verr.
335 860 398 893 IV.
422 869 454 892 e.
477 861 530 893 32.
553 860 689 892 notare
707 857 829 890 tabel-

108 914 186 944 lam
208 921 300 945 cera
330 914 399 946 aut
419 913 618 955 Sanguine.
660 914 830 946 Rottend.

107 968 298 1012 notetgtur.
342 971 438 1023 Med.
462 969 611 1012 liyetur.

153 1047 185 1079 8.
207 1046 290 1079 Nec
309 1054 433 1088 tityro.
481 1045 562 1078 Nec
591 1036 830 1089 fronte'tua,

34 1141 38 1146 1
107 1110 203 1144 quae
214 1101 338 1143 niqra,
358 1101 480 1134 tristis
495 1103 552 1134 est
570 1102 733 1142 propter
755 1101 829 1134 tri-

106 1155 186 1188 stia
216 1157 387 1196 tempora
408 1172 453 1178 —-
474 1163 555 1187 nam
590 1158 695 1189 color
728 1158 831 1198 niger

107 1211 247 1252 signum
275 1213 331 1243 est
368 1211 556 1252 tristitiae,
595 1215 634 1244 ut
668 1212 830 1244 laetitiae

107 1266 224 1298 albus.
258 1283 303 1288 —
335 1265 499 1298 candida
530 1274 675 1298 cornua
704 1275 828 1308 ,cler-as.

108 1319 280 1353 Candida
299 1321 534 1369 intelligenda
555 1325 638 1353 sunt
661 1323 827 1354 eburnea.

155 1401 187 1432 9.
207 1398 484 1433 Instrumenta.
519 1399 745 1432 Vocabulum
768 1399 828 1431 in-

105 1453 355 1486 strumentum
389 1454 459 1486 vim
495 1457 594 1487 tenet
629 1456 736 1487 verbi
768 1454 829 1486 in-

105 1509 256 1540 struere
287 1511 325 1540 et
355 1510 412 1541 est
442 1517 511 1549 quo
544 1509 620 1550 quis
643 1511 831 1543 instruitur

106 1566 170 1595 aut
183 1563 376 1595 instructus
399 1566 465 1595 est.
496 1564 588 1596 Hinc
603 1567 747 1606 ponitur
761 1575 829 1607 pro

108 1618 234 1659 cultu,
257 1620 460 1659 apparatu,
484 1624 706 1653 ornamento.
742 1624 831 1654 Met:

107 1674 208 1714 XIV,
230 1673 307 1706 ¹766.

171 1751 206 1756 ——
222 1737 253 1764 in
270 1737 408 1764 invenem
425 1737 516 1768 rediit
534 1741 565 1765 et
581 1737 674 1765 anilia
692 1738 786 1766 demit

172 1779 375 1808 Instrumenta
393 1780 452 1808 sibi
470 1797 503 1801 —

108 1837 190 1870 Vid.
220 1837 346 1870 Vorst.
377 1839 422 1870 de
456 1841 536 1871 Lat.
569 1841 695 1873 select.
718 1850 752 1881 p.
775 1841 828 1873 27.

108 1893 267 1932 Interpp.
297 1893 344 1924 ad
375 1893 450 1926 Cic.
482 1895 527 1926 de
559 1896 658 1928 Orat.
693 1898 744 1938 11,
776 1896 830 1928 34.

107 1945 227 1987 BusL,
248 1947 349 1979 Leid.
373 1949 411 1980 et
431 1949 468 1981 V
489 1950 623 1983 Heinsii
638 1960 717 1983 cum
732 1950 830 1982 eius-

109 2001 188 2032 dem
209 2003 265 2034 ed.
296 2011 350 2043 pr.
384 2005 535 2046 ornant,
557 2008 704 2048 quodet
719 2006 831 2045 ipsum

107 2055 199 2086 ferri
211 2060 343 2096 posset.
365 2059 438 2091 Sed
448 2060 582 2100 optima
596 2061 746 2102 vulgata
758 2067 831 2091 non

60 2128 64 2136 ι
84 2147 88 2151 .
110 2111 294 2144 tentanda.

154 2175 207 2208 11.
229 2175 323 2208 Nec.
361 2178 450 2211 cum
473 2178 620 2212 Ovidius
641 2188 840 2222 persaepe„

109 2231 150 2261 ut
171 2230 234 2263 diii
263 2225 414 2277 quoilue
433 2234 634 2274 scriptores
666 2243 832 2267 nonnun—

111 2292 229 2326 quam,
259 2294 335 2326 non
357 2295 437 2320 eum
459 2289 672 2329 imperativo
694 2297 832 2329 ponere

109 2339 247 2381 soleat,
267 2341 320 2372 nil
341 2342 449 2374 hahet
469 2343 628 2375 insoieus
649 2345 737 2376 illud
751 2353 831 2386 nec,

110 2395 270 2434 quamvis
292 2404 362 2427 nen
385 2398 510 2428 eodem
530 2406 639 2429 sensu
651 2403 830 2439 sequatur.

110 2450 303 2495 Alternaut
336 2452 429 2483 enim
461 2453 494 2483 h.
530 2453 555 2483 l.
591 2461 659 2484 uec
693 2455 729 2485 et
761 2463 831 2485 neu

110 2506 202 2546 apud
227 2505 483 2546 imperativus,
516 2510 554 2538 ut
577 2507 612 2538 in
635 2508 716 2539 aliis
738 2509 831 2540 locis

33 2595 40 2601 .
109 2568 184 2591 non
208 2564 245 2592 et
266 2569 322 2591 ne.

154 2624 356 2665 Fraqili—
362 2623 518 2664 pumice.
539 2627 591 2657 De
611 2627 756 2665 pumicis
770 2636 835 2659 usu

112 2681 160 2712 ad
182 2688 242 2712 res
265 2681 450 2720 poliendas
480 2681 551 2712 vid.
594 2681 685 2713 Plin.
716 2683 758 2713 Η.
792 2684 835 2714 N.

114 2736 275 2768 xxxvl.
299 2743 330 2767 c.
353 2735 406 2767 21.
439 2736 588 2767 Scin-ev.
611 2738 655 2768 ad
671 2737 833 2769 Mai-ssah

33 2782 35 2786 ⁴
91 2789 162 2828 vV,
185 2789 243 2829 42,
275 2791 307 2821 6.
351 2792 508 2830 Inter-pp.
534 2791 579 2821 ad
606 2791 765 2821 luvenal.
787 2792 834 2830 n,

898 806 950 837 12.
973 806 1075 847 vm,
1092 807 1143 839 16.
1159 809 1223 849 IX,
1245 808 1299 840 95.
1332 808 1534 841 Utebantur
1552 816 1620 840 au-

896 863 967 892 tem
989 860 1092 892 arida
1114 862 1234 902 itaque
1256 863 1401 904 fragili,
1438 867 1477 895 ut
1512 872 1621 904 aspe-

870 966 874 971 ,
895 917 998 948 riori.
1037 918 1141 951 Conr.
1164 919 1230 959 III,
1256 917 1289 959 1,
1314 918 1365 950 13.
1399 919 1576 960 catull.1‚
1588 919 1619 950 1.

962 981 1040 1014 Quoi
1058 982 1135 1010 dono
1154 980 1283 1015 lepidum
1302 988 1410 1008 novum
1430 982 1579 1015 libellum,

960 1023 1053 1052 Arida
1072 1025 1159 1053 modo
1176 1025 1293 1060 pumice
1311 1025 1474 1060 expolitum
1493 1042 1525 1046 -

896 1086 1006 1116 Mart.
1029 1083 1130 1126 vm,
1153 1085 1211 1127 τε,
1234 1085 1266 1117 2.

960 1174 1240 1179 ——————
1257 1165 1365 1193 aspero
1384 1158 1518 1192 libellum

961 1203 1061 1232 Horsu
1080 1202 1205 1238 pumicis
1223 1202 1298 1229 aridi
1317 1202 1441 1237 politum
1459 1217 1492 1221 —

897 1260 1028 1293 Putris
1044 1270 1183 1302 pumex
1204 1266 1258 1294 est
1272 1262 1366 1302 apud
1380 1263 1486 1294 Auct.
1501 1260 1619 1300 Priap.

895 1315 933 1348 C.
972 1317 1118 1358 loom,
1155 1318 1187 1350 7.
1250 1318 1332 1350 Vid.
1362 1320 1471 1350 Mart.
1503 1317 1534 1357 1,
1567 1315 1624 1346 66,

895 1371 1012 1412 Ileyn.
1044 1373 1089 1404 ad
1121 1373 1251 1405 'ribult
1275 1375 1341 1415 111,
1367 1372 1401 1414 1,
1424 1372 1455 1403 9.

942 1449 994 1481 12.
1016 1449 1174 1489 Sparsis
1206 1449 1372 1482 Heinsius
1398 1448 1532 1490 primus
1556 1446 1620 1476 de-

896 1503 947 1535 dit
974 1503 1112 1545 passis,
1146 1506 1238 1544 quod
1272 1505 1441 1536 exhibent
1472 1502 1548 1534 Pal.
1572 1501 1620 1542 2.,

895 1559 1026 1590 Franc.
1057 1568 1080 1591 a
1111 1568 1156 1591 m.
1187 1560 1236 1601 2.,
1268 1560 1373 1591 Serv.
1406 1560 1442 1590 et
1475 1558 1525 1588 IX
1557 1555 1621 1587 alii

896 1615 1034 1659 Heius„
1058 1618 1145 1647 vett.
1170 1615 1248 1646 edd.
1272 1616 1310 1645 et
1332 1615 1411 1645 cod.
1435 1613 1620 1654 Dresd.†-

896 1670 984 1709 Beg.
1008 1669 1151 1709 spassis
1159 1692 1173 1709 ,
1199 1671 1359 1701 mutuato
1381 1677 1402 1700 s
1424 1669 1470 1700 ab
1491 1666 1621 1698 hirsu-

897 1717 1104 1757 tussconf.
1126 1727 1176 1766 II,
1199 1726 1252 1758 69.
1274 1726 1359 1756 Her.
1379 1725 1411 1766 1,
1434 1724 1487 1756 24.
1500 1724 1533 1755 ἅτ
1546 1722 1621 1754 114.

897 1779 968 1810 Sed
991 1779 1094 1811 nulla
1118 1781 1200 1812 erat
1213 1787 1344 1811 caussa
1363 1779 1517 1811 omnium
1531 1778 1621 1809 reii-

897 1841 1045 1872 quorum
1059 1834 1234 1867 librorum
1244 1835 1480 1876 scripturam:
1503 1841 1621 1872 spar-

895 1887 958 1929 sis,
978 1890 1151 1931 mutandi,
1171 1898 1263 1932 quae
1280 1890 1363 1922 mihi
1377 1889 1484 1920 etiam
1500 1883 1620 1928 a‘ptior

897 1944 1041 1977 videtur
1060 1945 1114 1977 illi
1133 1944 1302 1977 hirsutus
1321 1948 1358 1977 et
1373 1945 1495 1976 versui
1510 1951 1620 1983 prae-

897 2000 1051 2032 cedenti.
1072 2009 1141 2033 nec
1163 2001 1270 2033 video
1294 2002 1471 2041 quomodo
1491 2008 1619 2031 comae

897 2054 934 2085 in
956 2055 1078 2087 fronte
1100 2055 1252 2096 impoliti
1274 2047 1357 2086 libri
1389 2063 1527 2094 passae
1551 2054 1619 2085 dici

898 2110 1063 2151 possint,
1084 2119 1176 2151 quae
1208 2110 1407 2151 interprete
1431 2109 1552 2140 Gellio
1577 2109 1620 2140 N.

898 2165 941 2196 A.
974 2165 1051 2197 XV.
1089 2174 1119 2197 c.
1149 2167 1201 2198 15.
1225 2166 1326 2206 quasi
1341 2163 1546 2205 porrectae
1582 2166 1620 2194 et

899 2227 1100 2261 expansae,
1131 2223 1250 2261 itaque
1272 2221 1491 2261 potissimum
1515 2218 1619 2250 femi-

898 2281 1024 2306 narum
1043 2279 1138 2308 sunt.
1160 2276 1350 2308 'transfert
1374 2278 1494 2307 autem
1513 2277 1622 2315 poeta

898 2329 934 2360 in
954 2329 1084 2361 librum
1115 2332 1348 2371 personatum
1378 2330 1497 2362 luctus
1519 2331 1623 2371 signa

898 2385 1061 2416 humana.
1081 2386 1147 2427 IV,
1167 2385 1203 2425 2,
1222 2384 1274 2415 43.
1309 2384 1362 2415 De
1372 2383 1505 2416 hii-sut.
1524 2385 1619 2416 cous.

899 2441 929 2480 I,
953 2441 988 2481 3,
1012 2440 1066 2471 90.

944 2515 996 2547 14.
1006 2515 1164 2547 Sentiat.
1184 2518 1350 2549 Heinsius
1368 2516 1530 2549 correxit
1542 2525 1562 2548 e
1574 2516 1619 2546 sr.

899 2571 988 2602 Rev.
1011 2573 1129 2603 etVII
1147 2572 1227 2603 aliis
1239 2571 1382 2604 sentiet.
1405 2573 1501 2603 Idem
1518 2571 1620 2602 exhi-

902 2626 986 2657 bent
1009 2627 1127 2657 nerol.
1155 2627 1192 2657 et
1214 2626 1293 2657 nel.
1327 2626 1467 2667 Reliqui
1499 2615 1620 2656 om‘uoe

901 2680 1049 2712 sentiat.
1074 2683 1268 2721 Utrumque
1285 2682 1317 2712 h.
1341 2682 1366 2713 1.
1389 2682 1457 2713 dici
1490 2683 1619 2721 potest.

901 2735 1045 2766 Sentiet
1072 2740 1128 2767 est
1160 2737 1419 2777 confirmantis,
1450 2737 1523 2767 sic:
1565 2734 1623 2766 Ne

900 2791 1062 2830 pudeat.
1077 2803 1110 2830 .,·
1156 2799 1242 2822 nam
1283 2790 1346 2832 qm*
1386 2790 1527 2823 viderit
1558 2799 1622 2821 ms
