1846 3146
188 147 259 205 *56
276 196 280 201 .

434 148 490 196 P.
526 148 747 198 OVIDII
782 148 1096 202 NASONIS
1131 150 1470 202 TRISTIUM

193 270 311 318 Nou
329 242 412 330 lut,
448 270 728 325 Alexandri
762 270 942 319 claram
975 270 1167 322 delatus
1201 276 1250 322 in
1283 273 1462 335 urbem,

260 352 481 401 Delicias
515 352 725 413 videam,
763 354 884 403 Nile
910 355 1093 416 iocose,
1129 361 1250 405 tuas.

1645 357 1711 441 8⁰

194 435 338 495 Quod
371 435 548 484 faciles
581 441 700 502 opto
734 442 938 485 ventos:
974 441 1080 503 quis
1115 438 1332 489 credere.
1353 424 1584 506 posset?-

201 556 210 569 .
259 518 497 569 Sarmatis
535 523 612 567 est
646 519 810 580 teHuS‚
848 537 986 585 quam
1017 538 1125 572 mea
1156 521 1274 572 vela
1304 528 1486 589 petunt.

190 650 313 694 Quint.
337 654 422 684 Inst.
437 653 478 686 Ο.
492 661 604 694 saepe
626 643 814 687 studiosos
829 656 921 688 sim-

189 709 335 748 pliciter
359 709 445 741 dicit
468 716 547 751 e0S,
571 711 629 751 qui
659 719 807 751 operam
826 710 923 756 [dant

193 764 433 806 eloquentiae.
477 766 560 798 Vid.
585 766 710 806 Spald.
733 768 779 798 ad
801 766 921 809 Quint.

189 819 253 852 VI.
277 821 442 854 Prooem.
467 821 501 862 S.
526 821 557 854 4.
593 822 648 855 Cf.
672 821 747 855 Cic.
772 824 816 855 de
840 824 920 865 Opt.

189 884 273 918 gen.
298 875 360 909 Or.
386 885 417 908 c.
441 879 473 910 5.
586 889 591 895 ·

234 943 288 975 78.
311 941 400 974 Non
423 942 512 975 milti
534 942 618 976 visa
635 944 759 985 prius.
783 947 920 989 Guelf„

189 1001 296 1041 Reg.,
331 1000 443 1041 Gall„
478 1000 640 1043 Pirckh.,
668 1002 805 1044 Berol.,
835 1002 920 1034 Vat.

140 1088 142 1090 ,
189 1054 236 1097 1.,
266 1055 344 1088 Pol.
386 1055 416 1087 1.
445 1058 494 1087 ·et
522 1056 668 1089 V1.alii
695 1058 816 1090 Heins.
846 1066 930 1090 non>

190 1110 278 1142 loca
299 1108 383 1142 visa
409 1110 533 1152 prius,
567 1113 662 1153 quod
692 1113 825 1156 primus
856 1114 921 1144 de—

189 1165 240 1197 dit
269 1165 446 1200 Heinsius.
505 1165 610 1209 Quod
641 1168 673 1200 si
703 1170 749 1199 ad
776 1166 921 1208 ,oppida

187 1219 301 1254 Asiae
322 1222 482 1263 referas,
505 1224 607 1255 deest
636 1224 818 1257 ablativus
841 1225 921 1256 slve

187 1277 332 1309 dativus
354 1285 559 1320 personae;
583 1279 640 1310 sin
662 1281 782 1314 autem
805 1279 921 1311 verba

185 1341 262 1365 non
286 1333 373 1365 loca
401 1332 486 1365 visa
505 1331 624 1376 {prius
654 1336 749 1366 nude
778 1343 846 1375 pro
879 1342 919 1366 se

184 1389 306 1430 posita
336 1387 417 1420 cum
446 1389 594 1421 Heinsio
631 1389 815 1431 intelligas
846 1390 917 1421 sic:

184 1452 260 1476 non
285 1442 427 1484 oppida
449 1443 582 1485 Asiae;
604 1453 679 1476 non
700 1445 787 1475 loca
807 1443 918 1484 prius

185 1508 260 1532 non
293 1499 395 1541 visa,
438 1509 567 1532 sensus
599 1503 637 1532 et
671 1501 847 1532 obscurus
881 1503 919 1533 et

183 1556 365 1598 languens
398 1559 435 1588 et
465 1556 654 1597 inelegans
686 1559 763 1597 est3
793 1558 917 1598 atque,

187 1613 282 1654 quod
305 1611 421 1653 probe
451 1612 659 1653 tenendum,
710 1611 827 1642 maior
850 1620 918 1643 au-

186 1669 338 1701 ctoritas
362 1669 529 1699 veterum
557 1666 643 1698 libb.
674 1667 797 1697 tuetur
821 1665 917 1706 opti-

184 1733 277 1756 mam
312 1733 357 1756 ac
390 1722 633 1765 planissimam
677 1720 915 1760 scripturam:

185 1778 262 1810 noh
293 1777 384 1810 mihi
415 1777 500 1809 visa
519 1776 641 1818 prius.
697 1778 816 1816 Atque
839 1774 918 1808 eam

182 1833 313 1875 etiam(
343 1834 424 1864 tota
475 1834 663 1864 structura
713 1831 918 1874 sententiae

181 1890 219 1921 et
253 1887 477 1921 concinnitas
517 1888 662 1920 videtur
706 1887 916 1928 postulare3

183 1945 225 1976 ut
258 1944 370 1984 poeta
405 1943 449 1974 de
483 1944 611 1984 quovis
645 1943 746 1984 loco,
780 1951 853 1983 quo
876 1950 917 1974 se

116 1990 123 2034 ’.
181 2006 256 2031 non
279 1997 465 2039 proficisci
495 1994 603 2041 dicitl,
632 1998 767 2039 aliquid
798 1998 916 2038 expli-

143 2059 145 2061 ’
183 2054 291 2086 candi
313 2061 445 2086 caussa
463 2055 642 2095 enuntiet3
665 2054 738 2086 sic:
761 2060 835 2084 non
846 2060 917 2092 pe-

180 2109 220 2141 to
242 2108 424 2151 Athenas,
454 2117 549 2152 quas
571 2131 581 2140 .
607 2132 615 2140 .
642 2131 651 2139 .
676 2120 710 2148 .,·
739 2116 815 2140 non
845 2116 916 2148 op-

179 2163 274 2206 pida
294 2163 421 2206 Asiae,
445 2171 540 2206 quae
561 2162 674 2204 prius
706 2187 715 2195 .
739 2187 748 2196 .
775 2176 810 2204 .;
840 2173 916 2197 non

182 2218 472 2263 (proficiscor),
519 2219 563 2251 ut
604 2218 820 2252 Alea-andri
863 2243 873 2252 .
905 2244 915 2252 .

186 2277 284 2309 tuas.
328 2278 447 2316 Atque
476 2277 562 2316 apte
585 2275 693 2307 etiam
723 2283 915 2315 opponun-

179 2326 265 2364 tur:
288 2330 467 2372 Athenae,
490 2338 584 2372 quas
613 2330 802 2372 quondam
822 2329 916 2370 petii

181 2390 219 2420 et
243 2386 385 2427 oppida
413 2384 546 2427 Asiae,
577 2392 673 2426 quac
699 2383 811 2424 prius
838 2393 913 2419 non

178 2442 268 2475 vidi.
315 2444 364 2475 At
386 2443 490 2474 Pont.
512 2436 644 2483 11310,
667 2439 721 2472 21.
745 2448 786 2479 se
801 2447 912 2482 prae-

180 2499 302 2531 claras
331 2484 444 2530 Asiae
471 2497 581 2528 urbes
617 2496 749 2528 comite
782 2498 913 2529 Macro

179 2554 250 2589 iam
279 2556 366 2586 ante
397 2553 531 2586 vidisse
563 2551 659 2583 dicit.
720 2551 793 2583 Sed
822 2552 914 2583 haec

179 2617 261 2640 cum
283 2608 370 2649 isto,
406 2609 450 2640 de
480 2617 550 2649 quo
574 2606 794 2649 quaerimus,
826 2606 913 2638 loco

178 2665 272 2696 bene
297 2664 467 2695 constare
484 2663 669 2704 possunt,
699 2662 806 2693 modo
829 2661 863 2692 h.
886 2660 912 2693 l.

178 2728 254 2751 non
300 2716 442 2758 oppida
475 2716 586 2749 Asiae
639 2717 765 2758 (illa),
818 2724 914 2758 quae

174 2774 302 2816 prius>
328 2782 403 2806 mm
449 2773 613 2812 viderat,
653 2772 846 2814 intelligas,
870 2787 914 2795 —-

176 2830 323 2865 Merkel
335 2827 465 2861 xdedit:

939 903 952 921 1

1038 653 1154 689 oppida
1168 661 1229 682 non
1235 654 1343 683 Asiae:
1357 662 1418 683 non
1431 653 1504 682 mihi
1515 653 1676 690 visam-ius
1688 670 1722 676 —

988 715 1090 746 cuius
1113 713 1319 754 scripturae
1336 720 1479 755 sensus,
1489 712 1522 744 si
1537 722 1640 754 quem
1651 715 1719 748 ha-

986 770 1070 811 bet,
1094 769 1369 801 obscurissimus
1391 771 1458 801 est.
1472 786 1516 791 —
1533 769 1612 802 Pol.
1635 777 1718 801 mo-

988 825 1035 856 do
1059 816 1284 878 visa‘prius,
1311 824 1405 857 idem
1426 825 1575 866 Franc„
1606 824 1671 856 sed
1694 831 1718 856 a

987 881 1020 912 2.
1044 889 1088 911 m.
1110 878 1211 911 mihi.
1422 891 1424 894 ·

1032 948 1086 979 79.
1110 945 1325 980 Alexandri
1357 946 1451 979 urbs
1473 948 1530 978 est
1551 946 1717 979 Alexan-

987 1005 1070 1037 dria
1092 1004 1129 1036 in
1154 1004 1339 1045 Aegypto,
1363 1002 1411 1042 ab
1431 1003 1642 1036 Alexandro
1666 1003 1718 1043 Μ.

987 1061 1143 1093 condita.
1171 1059 1254 1090 Vid.
1277 1057 1400 1090 lustin.
1421 1059 1500 1100 XL,
1522 1056 1718 1099 Curt.1V.,

988 1116 1109 1147 Strab.
1132 1115 1245 1147 XVII.
1275 1124 1308 1155 p.
1333 1114 1409 1146 544.

1030 1182 1083 1214 80.
1107 1180 1197 1213 Nile
1218 1179 1351 1213 iocose.
1406 1180 1564 1213 Iocosus
1586 1179 1718 1222 appel-

986 1238 1086 1270 latur
1129 1238 1234 1271 Nilus
1279 1239 1432 1278 propter
1473 1235 1719 1269 Alexandriae

987 1293 1087 1325 urbis
1132 1293 1315 1326 luxuriam
1358 1296 1466 1334 atque
1517 1292 1718 1325 mollitiem.

987 1346 1107 1389 Quint.
1141 1349 1168 1380 1.
1198 1348 1238 1381 Ο.
1268 1349 1295 1380 Ι.
1335 1357 1366 1381 c.
1396 1349 1429 1381 2.
1481 1345 1719 1380 Alexandri-

984 1412 1055 1435 nas
1078 1402 1234 1435 delicias
1258 1403 1343 1435 dicit
1375 1412 1442 1444 pro
1467 1403 1651 1445 exquisitis
1673 1403 1739 1435 ac*
1799 1431 1808 1443 ,

984 1458 1217 1500 voluptariis,
1248 1459 1309 1491 ubi
1332 1459 1402 1491 vid.
1427 1460 1612 1502 Spalding.
1650 1459 1718 1492 lul.

985 1516 1088 1549 Caes.
1105 1517 1142 1546 Β.
1162 1514 1275 1556 (Lm,
1292 1523 1323 1546 c.
1343 1514 1418 1547 110.
1433 1515 1534 1556 quod
1545 1514 1717 1546 Alea-an-

985 1570 1087 1603 drim'
1125 1569 1260 1611 populi
1302 1569 1562 1610 voluptatibus
1605 1571 1719 1612 atque

985 1625 1131 1658 deliciis
1152 1625 1319 1658 maxime
1342 1625 1572 1668 diffluerent.
1610 1616 1715 1659 conf.

985 1682 1106 1714 Strab.
1152 1682 1178 1714 1.
1223 1683 1266 1725 1.,
1312 1683 1442 1716 senec.
1486 1681 1601 1722 Epist.
1646 1680 1717 1722 51„

985 1737 1146 1770 Martial.
1168 1738 1237 1779 IV,
1260 1737 1319 1780 41,
1342 1738 1374 1770 6.

1028 1802 1081 1836 81.
1108 1801 1214 1841 Quod
1230 1801 1379 1846 faciles.
1426 1802 1637 1836 certissima
1658 1804 1725 1836 est

986 1859 1077 1890 haec
1107 1857 1321 1890 coniectura
1343 1857 1490 1891 Heinsii.
1524 1859 1716 1900 Scriptura

987 1915 1141 1946 omnium
1164 1914 1254 1945 vett.
1276 1913 1362 1946 libb.
1383 1915 1457 1947 est:
1479 1915 1580 1957 quod
1597 1902 1718 1958 facile

986 1970 1052 2001 est.
1098 1970 1163 2002 Ed.
1195 1970 1332 2000 Bonon.
1366 1969 1404 2001 et
1443 1968 1589 2003 Pii-clm.
1627 1968 1716 2011 opto

985 2024 1073 2057 mihi
1095 2024 1173 2056 iam
1196 2022 1290 2065 quis.
1311 2038 1358 2046 ·—

1030 2091 1173 2125 Posset.
1225 2089 1391 2123 Heinsius
1434 2089 1570 2130 primus
1617 2090 1716 2124 dedit

981 2147 1117 2189 possit,
1141 2149 1273 2179 notans
1295 2146 1388 2177 hanc
1401 2153 1483 2178 esse
1497 2146 1716 2187 scripturam

983 2205 1159 2237 codicum.
1192 2203 1311 2241 Atque
1326 2207 1347 2231 e
1359 2201 1494 2232 nostris
1510 2208 1589 2234 eam
1605 2203 1716 2235 tuen-

983 2263 1043 2292 tur
1066 2259 1200 2300 Berol.,
1223 2259 1346 2299 Bern.,
1370 2257 1493 2299 crem,
1516 2259 1601 2298 seg.
1640 2259 1714 2292 sed

983 2315 1127 2358 plurimi
1149 2313 1302 2354 Heinsii‚
1329 2314 1423 2346 teste
1445 2311 1646 2355 Merkelio,
1669 2320 1715 2344 ac
1776 2344 1781 2349 f

982 2374 1178 2413 praeterea
1207 2369 1314 2402 Goth.
1323 2391 1337 2411 ,
1374 2368 1524 2409 Dresd.,
1565 2367 1645 2400 Bel.
1675 2369 1715 2400 et

982 2430 1071 2461 vett.
1094 2427 1172 2458 edd.
1197 2433 1319 2456 omnes
1335 2425 1474 2466 posset,
1498 2425 1607 2466 quod,
1632 2432 1712 2456 cum

983 2492 1057 2516 non
1071 2483 1185 2514 minus
1192 2481 1322 2513 Latine
1335 2481 1367 2511 h.
1381 2480 1407 2512 l.
1422 2479 1490 2511 dici
1502 2479 1633 2520 possit,
1648 2487 1712 2511 re-

980 2538 1125 2571 vocavi.
1145 2537 1250 2570 Conf.
1260 2537 1325 2577 111,
1340 2536 1375 2577 9,
1385 2535 1415 2567 1.
1440 2536 1518 2567 Iun.
1533 2533 1598 2575 qui
1609 2534 1714 2566 cr'ed.

1027 2605 1081 2636 92.
1112 2604 1204 2635 Vela
1227 2602 1372 2643 petunt.
1418 2602 1513 2634 Ante
1535 2602 1711 2632 Burman-

980 2669 1065 2692 num
1093 2659 1205 2700 vulgo
1237 2658 1413 2689 edebatur
1440 2656 1532 2687 vota
1566 2656 1712 2697 petunt,

981 2715 1074 2756 quod
1092 2705 1230 2755 nescio,
1255 2714 1348 2745 unde
1364 2714 1483 2745 ortum
1497 2711 1571 2743 sit:
1601 2711 1712 2744 Certe
1772 2721 1786 2732 ⁶

980 2771 1049 2802 mei
1073 2778 1211 2811 omnes,
1242 2769 1397 2809 Dresd.,
1442 2768 1569 2807 Rern„
1614 2765 1712 2806 Bel„

981 2826 1117 2867 Berol„
1164 2826 1263 2866 seg„
1309 2824 1434 2865 crev.,
1468 2823 1554 2855 item
1587 2821 1710 2862 Goth„
