1846 3146
211 166 276 214 28

454 165 510 215 P.
548 164 768 215 ovmll
802 162 1116 215 NASONIS
1149 162 1490 212 TRISTIUM

211 286 442 335 Protinus
477 285 749 336 admonitus
783 291 973 353 repetet
1005 301 1111 334 mea
1146 288 1344 335 crimina
1377 286 1549 346 leetor,

279 369 348 418 Et
381 385 591 436 peragar
621 369 790 436 populi
825 369 1050 437 publicus
1085 383 1171 417 ore
1205 384 1332 417 reus.

213 451 292 500 Tu
329 467 469 513 eave,
506 451 761 512 defendas,
797 454 1014 516 quamvis
1048 450 1335 501 mordebere
1375 451 1544 499 dietis:

1673 453 1736 499 25

283 533 447 584 Causa
480 537 751 600 patrocinio
786 550 882 583 non
916 533 1043 582 bona
1075 537 1214 600 peior
1248 536 1353 582 erit.
1391 560 1457 568 --

215 662 339 698 caret;
365 658 480 699 -igitur
512 666 590 689 cum
614 659 816 690 Burmanno
840 658 941 690 dedi-

214 723 291 746 mus
315 715 531 758 scripturam
548 713 622 744 Pal.
644 712 673 744 1.
697 713 816 755 dabis,
840 722 943 754 quam

212 770 349 802 Heinsii
382 769 616 801 coniecturae
643 768 745 799 ‘dato
761 767 943 808 praeferi-

213 832 292 855 mus
316 826 470 864 propter
506 824 571 855 illa
599 822 700 855 dices
722 825 758 855 et
780 821 941 863 neyabis.

212 879 347 910 Sensus
365 879 423 911 hic
438 883 511 912 est:
536 880 647 920 atque
661 878 717 910 ita
734 878 804 916 (his
822 878 943 914 dictis)
969 888 971 890 ·

217 933 249 965 si
270 935 389 973 plura
413 935 585 976 quaerat,
610 933 747 966 tacitns
773 937 808 966 te
832 933 865 966 ei
887 935 943 965 le—

214 990 374 1030 yendum
394 990 602 1032 praebebis,
627 999 672 1022 ne
686 990 802 1032 forte,
823 988 946 1030 (quod

215 1038 353 1076 noc-'ere
368 1045 458 1076 milei
470 1046 614 1088 possit,
635 1056 703 1087 pro
726 1046 851 1087 quibus
867 1045 944 1076 ele-

214 1103 389 1141 gamen]
431 1101 552 1142 quod
588 1110 676 1132 non
713 1110 828 1141 opus
865 1102 944 1142 est,

219 1156 389 1196 loquare.
436 1157 619 1188 Schrader
643 1157 813 1189 coniecit:

284 1220 388 1254 Daque
407 1220 449 1247 ita
468 1223 496 1248 te
516 1221 625 1248 tacitus
645 1240 651 1246 .
673 1240 679 1246 .
700 1219 869 1253 legendum,

281 1264 341 1296 Ne,
360 1265 439 1299 quod
463 1285 471 1291 .
499 1285 505 1290 .
532 1284 538 1291 .
570 1266 694 1299 loquare
713 1270 823 1290 cavens
841 1278 873 1283 -

261 1321 314 1353 23.
340 1320 517 1353 Crimina.
575 1322 637 1354 Sic
666 1322 821 1363 Franc.,
852 1323 945 1363 Put.,

214 1379 337 1419 Bern.,
361 1379 489 1410 Dresd.
513 1385 546 1409 a.
571 1377 601 1408 1.
625 1386 669 1408 m.
693 1378 730 1408 et
752 1380 842 1409 vett.
867 1379 944 1408 edd.

221 1435 371 1471 praeter
393 1433 529 1464 Bonon.
551 1432 694 1472 Reliqui
716 1432 800 1464 libri
823 1442 946 1465 onmes

219 1486 402 1518 carmina.
459 1488 569 1520 Male.
621 1488 782 1519 Duorum
813 1487 946 1519 crimi-

215 1550 303 1573 num
343 1551 472 1574 caussa
502 1544 600 1575 Naso
632 1544 678 1574 ab
701 1544 866 1584 Augusto
892 1547 948 1577 est

218 1598 417 1640 relegatus,
442 1607 592 1639 quorum
613 1607 718 1630 unum
734 1602 829 1641 erat,
853 1602 947 1640 quod

177 1658 180 1662 ’
218 1654 426 1693 compositis
459 1655 503 1685 de
534 1656 623 1686 Arte
646 1655 823 1686 amatoria
844 1655 947 1687 libris

217 1717 337 1740 mores
377 1709 602 1749 corrupisset
640 1709 740 1747 (Vid.
778 1711 833 1750 II,
870 1711 946 1743 203.

216 1764 292 1808 240.
323 1764 399 1795 212.
432 1765 523 1805 346.,
554 1766 620 1806 111,
653 1765 687 1806 1,
720 1765 773 1806 4.,
803 1767 865 1797 111.
891 1766 947 1808 14,

217 1821 253 1860 5,
276 1818 324 1860 6.,
346 1820 417 1860 IV,
443 1819 475 1860 1,
499 1820 568 1861 26.,
590 1820 640 1860 V,
665 1820 721 1861 12,
744 1821 814 1862 47„
844 1822 946 1853 Pont.

218 1876 248 1915 Ι,
274 1875 307 1915 1,
334 1875 401 1916 12.,
425 1877 463 1916 I,
488 1874 530 1915 4,
555 1874 632 1916 42.,
656 1876 699 1906 11.
724 1876 766 1917 9,
791 1877 844 1907 73.
877 1877 946 1918 75.,

216 1931 264 1971 11,
293 1930 349 1971 10,
375 1931 443 1971 12.,
467 1931 522 1971 11,
549 1929 612 1970 11,
638 1930 693 1971 2.,
718 1932 783 1972 ΙΠ,
826 1932 861 1973 3,
892 1932 945 1963 39.

218 1986 311 2026 70.);
343 1985 497 2016 alterum
534 1985 668 2016 crimen
697 1992 741 2016 ac
770 1985 948 2025 gravissi-

215 2047 310 2070 mum
348 2039 570 2081 incognitum
610 2039 713 2071 nobis
752 2042 833 2080 cst,
879 2049 948 2080 quo

215 2095 334 2136 ipsum
357 2094 572 2136 gravissime
598 2094 790 2126 offendisse
809 2095 948 2127 Princi-

214 2158 298 2190 pem
321 2151 481 2192 videtur,
516 2150 851 2190 implacabilemque
873 2149 947 2182 eius

217 2205 254 2235 in
277 2205 318 2236 se
341 2205 431 2236 iram
456 2206 684 2248 concitasse,
715 2207 758 2237 de
782 2214 851 2246 quo
873 2206 944 2238 vid.

219 2261 264 2291 ad
288 2262 319 2301 Ι,
343 2261 379 2302 2,
403 2261 456 2292 99.
501 2261 558 2293 De
581 2261 695 2293 verbo
719 2261 947 2301 repetetvid.

222 2316 267 2345 ad
291 2316 322 2355 1,
347 2315 382 2358 3,
407 2316 438 2346 3.

263 2386 316 2417 24.
356 2385 570 2427 Perayar-
585 2394 694 2427 reus,
731 2387 949 2429 accusabor,

218 2442 313 2480 apud
350 2443 530 2474 Nasonem
569 2442 741 2483 imprimis
777 2444 949 2483 frequens

220 2496 355 2538 oratio,
388 2497 491 2529 velut
520 2498 628 2530 Trist.
651 2499 691 2540 1,
725 2499 768 2539 8,
792 2498 861 2539 46.,
884 2499 951 2539 ΠΙ,

222 2549 278 2590 11,
302 2550 350 2592 2.,
372 2552 440 2593 IV,
467 2552 500 2594 1,
524 2554 594 2595 26.,
617 2554 723 2585 Pont.
747 2554 814 2595 IV,
838 2555 874 2596 6,
898 2555 951 2586 30.

222 2606 375 2645 Proprie
400 2608 469 2638 hoc
490 2610 642 2641 verbum
675 2609 779 2641 valet
801 2609 952 2651 deferre

219 2659 322 2692 inter
363 2669 467 2703 reos,
511 2672 618 2694 reum
655 2663 788 2695 citare.
827 2664 952 2706 ‚Confi

219 2717 298 2757 Ulp.
312 2718 356 2748 ad
369 2719 457 2758 Leg.
469 2719 535 2750 Iul.
550 2720 594 2750 de
609 2719 732 2750 Adult.
743 2721 787 2750 11.
807 2735 847 2740 —
872 2718 952 2750 Pu-

223 2770 344 2803 blicus
367 2781 466 2814 reus,
490 2773 522 2804 11.
539 2781 569 2804 e.
588 2773 728 2805 civitati
743 2775 821 2814 aut,
844 2780 867 2803 a
886 2781 952 2804 cu-

224 2828 278 2858 ius
319 2816 446 2860 salute⁸
476 2829 575 2860 salus
618 2828 761 2868 publica
806 2818 956 2868 pendet,x

1009 657 1176 697 principi.
1232 658 1313 690 Vid.
1346 658 1390 688 ad
1423 659 1453 699 1,
1477 657 1512 697 2,
1538 658 1612 689 102.
1660 656 1736 689 Ρο-

1007 713 1090 754 puli
1114 721 1191 745 ore.
1239 714 1293 747 Cf.
1317 715 1349 755 1,
1371 714 1407 755 8,
1431 713 1486 744 22.

1054 781 1106 812 25.
1136 779 1193 810 Tu
1212 787 1304 811 cave
1322 779 1515 822 defendas.
1554 781 1654 815 Leid.
1670 790 1738 814 nec

1012 835 1047 866 te
1077 834 1257 877 defendas
1287 836 1349 867 vel
1377 843 1446 867 nec
1475 836 1654 878 defendas
1688 838 1736 879 te,

1011 891 1110 931 prius
1126 890 1233 922 etiam
1250 891 1355 925 Goth.
1399 892 1461 924 Fr.
1478 893 1568 924 Rev.
1584 901 1630 924 ne
1647 901 1738 924 cave

1012 945 1207 988 defendas,
1247 947 1340 978 unde
1371 947 1567 979 Heinsiana
1612 949 1737 981 conie-

1012 1006 1141 1044 ctura,
1170 1010 1260 1042 quae
1283 1010 1378 1034 nunc
1401 1010 1468 1042 pro
1492 1003 1644 1043 vulgata
1666 1006 1738 1045 est,

1011 1064 1083 1087 neu
1106 1064 1196 1088 cave
1215 1057 1406 1099 defendas.
1453 1055 1603 1099 Quidam
1616 1059 1736 1090 Heius.

1011 1119 1068 1143 me
1097 1119 1188 1143 cave
1217 1115 1255 1144 et
1284 1113 1320 1144 te
1351 1120 1452 1144 cave.
1499 1113 1571 1144 Sed
1594 1110 1737 1145 omnino

1013 1176 1092 1199 cum
1123 1168 1283 1200 omnibus
1313 1170 1394 1201 fere
1414 1171 1534 1202 codd.
1574 1173 1612 1203 et
1648 1172 1738 1202 vett.

1013 1223 1090 1253 edd.
1115 1223 1371 1256 restituendum
1390 1224 1456 1264 tn,
1475 1226 1568 1265 quod
1585 1225 1738 1266 elegan-

1013 1281 1069 1309 ter
1093 1280 1166 1310 tum
1189 1279 1403 1320 imperativo
1424 1281 1582 1323 additur,
1604 1281 1636 1312 si
1650 1288 1739 1323 gra-

1013 1333 1108 1364 viter
1145 1334 1386 1368 admonemus,
1453 1337 1553 1369 Infra
1591 1346 1626 1369 V.
1665 1337 1738 1369 113.

1013 1388 1099 1419 Hor.
1123 1390 1199 1421 Sat.
1222 1391 1271 1431 Π,
1295 1390 1331 1432 2,
1355 1392 1408 1423 20.

1077 1466 1110 1471 -
1127 1467 1161 1472 -—
1178 1467 1212 1472 —
1229 1469 1262 1472 —
1280 1456 1310 1480 tu
1329 1454 1529 1488 pulmentaria
1547 1463 1658 1491 quaere

1079 1494 1229 1524 Sudando.

1013 1555 1092 1586 Art.
1115 1555 1216 1587 Poet.
1240 1564 1275 1588 v.
1300 1558 1374 1590 385.

1081 1621 1122 1648 Tu
1140 1621 1215 1649 nihil
1230 1621 1324 1648 invita
1342 1621 1425 1650 dices
1444 1622 1575 1652 faciesve
1593 1625 1738 1654 Minerva.

1014 1674 1101 1706 nor.
1125 1664 1237 1714 Epist.
1261 1675 1292 1716 1,
1318 1675 1373 1717 16,
1404 1676 1455 1709 13.

1080 1731 1123 1758 Tu
1142 1730 1215 1759 nihil
1233 1732 1373 1760 admittes
1391 1732 1422 1760 in
1441 1736 1470 1761 te
1491 1733 1648 1763 formidine
1666 1743 1740 1771 poe-

1015 1813 1129 1854 Epist.
1151 1815 1183 1855 1,
1208 1813 1264 1855 18,
1291 1815 1344 1847 44.
1410 1785 1517 1807 '¹³⁰'—

1079 1893 1310 1898 —————
1327 1881 1359 1905 tu
1379 1878 1453 1906 cede
1470 1879 1603 1914 potentis
1620 1880 1708 1908 amici

1079 1922 1208 1950 Lenibus
1226 1923 1371 1958 imperiis.
1719 1961 1722 1963 Β

1015 1984 1092 2013 luv.
1117 1983 1192 2013 Sat.
1218 1983 1266 2023 11,
1279 1982 1332 2013 61.
1357 1981 1398 2012 tu
1409 1982 1504 2014 nube
1518 1984 1630 2026 atque
1647 1987 1740 2019 tace.

1015 2039 1162 2068 Metam.
1186 2037 1268 2078 XL,
1292 2037 1384 2068 250.-

1080 2099 1232 2134 Aeacide‚
1255 2099 1348 2134 dixit,
1371 2101 1511 2130 thalamis
1540 2103 1657 2139 potiere
1685 2113 1741 2141 pe-

1411 2146 1432 2172 t·
1450 2147 1457 2152 '
1484 2156 1492 2174 :

1081 2189 1124 2217 Tu
1150 2189 1254 2223 modo,
1281 2196 1347 2217 cum
1371 2150 1475 2225 gelidld
1491 2192 1587 2227 sopita
1606 2192 1742 2228 quiescet

1412 2236 1443 2264 in
1461 2240 1564 2271 antro,

1081 2281 1219 2316 Ignaram
1238 2281 1354 2316 laqueis
1378 2281 1537 2316 vincloque
1556 2282 1675 2311 innecte
1694 2285 1741 2311 te-

1409 2333 1487 2353 naci.

1014 2385 1097 2417 vid.
1122 2376 1209 2417 no'r.
1235 2384 1314 2414 Art.
1337 2384 1374 2415 P.
1399 2383 1491 2425 291„
1510 2384 1622 2424 Epist.
1638 2386 1669 2427 1,
1685 2385 1741 2428 18,

1017 2440 1069 2472 37.
1094 2439 1170 2481 87.,
1199 2438 1262 2471 Od.
1286 2439 1324 2481 Ι,
1355 2440 1398 2480 9,
1430 2439 1482 2471 16.
1513 2439 1630 2480 ibique
1652 2440 1742 2472 Mit-

1016 2495 1148 2527 scherl.
1178 2494 1281 2534 Virg.
1316 2491 1449 2535 Georg.
1480 2487 1529 2536 Π,
1560 2494 1651 2536 241.,
1674 2496 1742 2536 111,

1017 2552 1070 2583 73.
1096 2550 1186 2591 163.,
1210 2550 1275 2591 IV,
1298 2549 1351 2581 45.
1372 2566 1413 2572 -—
1436 2548 1545 2581 Cave.
1591 2549 1742 2591 Comici,

1018 2607 1210 2646 imitantes,
1234 2607 1272 2636 ut
1287 2604 1446 2647 videtur,
1458 2605 1627 2645 loquendi
1642 2613 1742 2637 usum
1783 2623 1785 2627 ι

1022 2669 1255 2702 communem,
1268 2668 1339 2691 non
1356 2662 1491 2692 tantum
1504 2660 1625 2692 dicunt
1638 2659 1742 2692 vide-

1019 2717 1070 2748 sis
1082 2726 1101 2748 e
1114 2716 1230 2756 brevi,
1242 2716 1305 2746 sed
1321 2715 1522 2755 corripiunt
1534 2715 1638 2747 etiam
1648 2723 1743 2757 roya
1762 2717 1792 2737 .-.

1017 2781 1119 2813 para
1126 2784 1142 2810 ,·
1166 2775 1202 2803 et
1223 2771 1387 2804 Catullus
1410 2770 1515 2801 etiam
1539 2770 1741 2801 commoda.

1014 2827 1191 2865 'Horatius
1227 2831 1261 2858 et
1288 2826 1434 2858 Ovidius
1463 2825 1604 2857 nonnisi
1637 2833 1742 2858 unum
1803 2836 1806 2839 ·
