1846 3146
197 143 296 210 ,1⁴¹6

438 143 494 192 P.
531 142 753 194 OVIDII
788 141 1105 223 NASONIS
1140 144 1481 197 TRISTIUM

200 263 420 329 Cumque
455 263 688 330 Gigantei
720 271 1040 315 memorantur
1073 267 1265 333 proelia
1297 267 1436 329 belli.

267 346 523 397 Credibile
559 354 650 409 est,
687 348 867 397 laetum
900 349 1127 398 laudibus
1160 365 1272 399 esse
1305 352 1423 399 suiS.

197 430 277 479 Te
311 430 562 497 eelebrant
595 431 696 492 alii,
731 435 908 496 quanto
943 432 1089 482 decet
1123 448 1225 494 ore,
1261 436 1466 498 tuasque

265 515 470 578 Ingenio
505 513 679 562 laudes
714 514 943 563 uberiore
977 520 1179 576 eanunt3

199 595 307 646 Sed
340 601 513 656 tamen,
547 600 600 643 ut
634 595 745 644 fuso
781 601 1026 646 taurorum
1059 600 1296 663 sanguine
1331 601 1537 668 eentum}

1651 598 1717 677 ⁷2²»

263 678 353 729 Sie
388 681 576 744 eapitur
608 680 800 728 minimo
834 682 956 752 turis
990 680 1177 730 honore
1213 681 1349 731 deus.

197 762 281 811 Ah
314 762 449 810 ferus
485 766 535 810 et
567 762 708 812 nobis
742 764 935 812 nimium
969 763 1236 812 crudeliter
1266 764 1439 826 hostis,

261 844 484 894 Delicias
518 844 644 908 legit
679 848 760 909 qui
793 846 882 895 tibi
918 861 1107 911 cunque
1138 862 1287 908 meaS,

197 926 425 978 Carmina
457 941 519 976 ne
552 930 733 977 nostris
770 944 961 994 quoque
992 933 1043 978 te
1075 931 1364 979 venerantia
1395 929 1538 980 libris

259 1010 453 1060 Iudicio
486 1015 691 1076 possent
725 1011 1012 1061 candidiore
1046 1013 1177 1077 legi!

190 1145 299 1188 fama
311 1143 492 1186 abundat,
517 1145 554 1176 et
567 1144 776 1176 celebratur
791 1145 921 1187 ubique

192 1203 239 1234 ab
270 1201 443 1234 omnibus.
509 1200 693 1241 Persaepe
725 1209 922 1241 superesse

191 1266 260 1299 pro
290 1256 498 1295 abundare.
550 1256 632 1288 Vid.
670 1257 746 1297 111,
791 1257 827 1298 9,
852 1257 921 1300 17.,

190 1311 323 1345 Vellei.
345 1313 383 1343 P.
405 1312 449 1342 Π.
467 1319 498 1343 e.
512 1310 586 1342 109.
619 1310 760 1344 BURM.
796 1312 920 1344 Nexus

190 1367 393 1400 sententiae
416 1368 492 1399 est:
514 1365 619 1398 Laus
645 1366 712 1397 tua
734 1366 919 1399 carmini-

190 1422 259 1454 bus
287 1430 379 1454 sane
406 1421 532 1454 maior
562 1431 637 1454 non
663 1421 710 1464 fit
741 1446 749 1454 .
775 1446 784 1455 .
810 1433 846 1455 ..·
877 1423 925 1455 at·

189 1476 343 1519 Iupiter
365 1484 509 1527 quoque
531 1478 645 1510 laude
668 1478 852 1520 abundat,
883 1478 921 1511 et

191 1533 315 1565 tamen
336 1531 444 1565 iuvat
466 1541 565 1575 eum,
600 1533 832 1566 carminibus
855 1542 919 1566 ce-

127 1585 133 1595 '
189 1587 348 1634 lebrari.
405 1587 512 1622 Conf.
545 1589 613 1631 IV,
648 1588 694 1631 4,
729 1589 780 1622 17.
837 1591 919 1623 1)110

188 1646 310 1678 Heius.
335 1645 458 1676 tamen
481 1644 528 1676 et.

231 1721 286 1754 71.
322 1718 507 1762 Giyantei.
554 1720 694 1754 Vid.ad
714 1721 782 1762 IV,
804 1720 842 1762 7,
866 1719 919 1752 17.

189 1778 226 1808 et
250 1777 347 1808 conf.
370 1787 406 1809 v.
430 1777 507 1809 333.

231 1851 285 1883 72.
321 1850 508 1885 Credibile
530 1853 596 1885 est.
642 1853 748 1887 conf.
771 1854 803 1894 I,
816 1852 851 1894 9,
864 1851 916 1884 34.

144 1955 150 1961 ·
187 1908 301 1949 Mon,
323 1908 425 1950 Seg„
446 1909 527 1941 Rel.
550 1916 629 1940 esse
652 1908 791 1939 Iovem.

231 1985 285 2017 73.
323 1984 469 2024 Quanto
507 1985 615 2018 decet
645 1992 722 2017 ore.
778 1985 844 2018 Sil.
874 1986 916 2016 It.

186 2041 286 2082 XIII,
309 2040 385 2072 796.

252 2081 503 2136 Felix¹Aeaeida‚
523 2101 571 2130 eui
590 2101 644 2129 tali
663 2101 792 2137 contigit
810 2109 862 2130 ore

252 2148 399 2178 Gentibus
423 2147 557 2176 ostendii
587 2147 685 2175 erevit
708 2150 759 2175 tua
785 2146 917 2175 carmine

583 2191 681 2220 virtus
699 2206 733 2211 —
874 2204 875 2207 =

186 2259 277 2303 Alii,
299 2261 340 2294 ut
361 2258 512 2302 Varius,
530 2259 721 2303 Virgilius,
733 2260 916 2293 Horatius.

186 2316 269 2348 Vid.
293 2317 366 2348 not.
390 2316 437 2348 ad
460 2325 496 2347 v.
522 2316 598 2348 529.

229 2394 283 2426 75.
323 2394 441 2426 Taur.
455 2400 561 2435 sana.
573 2393 731 2426 centum.
750 2400 819 2433 pro
836 2399 916 2424 ma-

186 2457 260 2490 gna
282 2457 327 2481 ae
350 2452 537 2482 sumtuosa
559 2449 727 2489 victima,
756 2450 821 2481 sed
849 2447 916 2490 ita,

183 2506 224 2537 ut
246 2505 371 2536 innuat
394 2506 576 2538 Graecum
598 2499 794 2547 ἑκατόμβη.

124 2611 129 2615 ,
209 2577 285 2614 ’76.
322 2581 438 2614 Turis
461 2582 614 2614 honore.
658 2582 738 2615 Put.
761 2588 784 2612 a
808 2579 838 2611 1.
854 2587 914 2619 m.,

183 2636 331 2670 Pirckh.
350 2640 387 2670 et
398 2639 451 2670 111
461 2638 524 2671 alii
539 2638 668 2671 odore.
713 2637 801 2669 Met.
811 2635 914 2676 VIII,

184 2693 283 2765 74⁰⁶-
298 2759 332 2765 -
348 2758 384 2765 -
399 2758 433 2764 -—
449 2746 481 2772 et
498 2744 597 2772 nullos
624 2743 686 2772 aris
705 2743 842 2772 adoleret
858 2742 914 2771 ho-

183 2823 316 2858 ribun.
338 2825 370 2866 I,
392 2823 430 2865 7,
452 2823 505 2856 5³.
582 2794 673 2817 ”⁰¹⁰⁵
692 2801 726 2808 “’

1651 1013 1717 1063 80

1052 1157 1286 1164 —————
1302 1142 1359 1171 tihi
1380 1143 1449 1170 dem
1473 1142 1549 1171 turis
1574 1142 1716 1172 honores.

975 1202 1042 1234 'De
1062 1200 1270 1244 sententia,
1314 1201 1384 1233 hue
1406 1200 1566 1242 pertinet
1589 1201 1657 1242 IV,
1679 1201 1716 1243 8,

987 1258 1041 1290 39.

1051 1320 1125 1355 Nec,
1145 1327 1222 1357 quae
1240 1319 1278 1347 de
1300 1325 1395 1355 parva
1417 1317 1464 1346 dis
1496 1324 1612 1361 pauper
1641 1317 1718 1346 1111111

1381 1369 1504 1396 acerra,

1101 1409 1181 1437 Tura
1198 1409 1307 1442 minus,
1324 1406 1434 1444 grandi
1456 1413 1545 1442 quam
1561 1405 1631 1434 data
1647 1405 1716 1434 lau-

1381 1458 1426 1485 08,
1445 1449 1551 1478 libant.

1029 1512 1084 1544 77.
1124 1509 1293 1542 Nimium
1318 1508 1546 1542 -crudeliter
1584 1507 1716 1552 hostis,

987 1576 1018 1609 q.
1029 1575 1060 1599 e.
1079 1566 1198 1598 hostis
1219 1566 1298 1598 sive
1323 1566 1462 1598 hostilis
1486 1566 1592 1606 modo
1613 1566 1716 1600 nimis

987 1623 1139 1656 crudeli.
1182 1625 1229 1658 V.
1253 1620 1328 1653 117.
1352 1623 1409 1653 est
1433 1618 1588 1654 nimium
1605 1619 1715 1653 iuve-

985 1678 1129 1711 uiliter.
1160 1680 1387 1722 scripturam
1401 1677 1610 1712 crudeliter
1620 1686 1716 1711 non-

985 1734 1055 1766 nisi
1074 1735 1152 1767 Pal.
1172 1728 1203 1768 2.
1217 1735 1392 1768 servavit.
1437 1735 1580 1776 Reliqui
1592 1743 1715 1768 omnes
1732 1759 1734 1762 v

986 1792 1024 1822 et
1042 1792 1131 1823 vett.
1155 1792 1235 1823 edd.
1258 1790 1353 1822 male
1376 1789 1582 1822 crudelior.
1622 1790 1711 1822 Exc.

984 1844 1095 1877 Voss
1125 1846 1162 1878 et
1190 1846 1295 1878 Bern.
1323 1844 1432 1887 ferus
1468 1845 1534 1877 est.
1592 1845 1714 1887 Serv„

984 1902 1079 1933 Mor.
1089 1923 1103 1943 ,
1137 1902 1221 1942 seg.
1258 1902 1296 1933 et
1338 1901 1446 1934 crev.
1477 1898 1566 1932 nim.
1597 1898 1714 1932 nobis.

983 1956 1099 1998 Leid„
1123 1956 1246 1998 Goth„
1257 1958 1379 1999 Bern„
1397 1956 1522 1997 crem,
1545 1956 1629 1998 Seg.
1651 1955 1713 1989 ba.

1026 2033 1082 2065 78.
1118 2031 1465 2074 Βεῑίοἱαεν-τηεαε,
1491 2032 1632 2075 mollia,
1654 2033 1713 2065 18-

981 2088 1095 2120 vioris
1119 2078 1321 2129 argumenti
1343 2087 1504 2120 carmina
1526 2096 1615 2121 mea.
1648 2090 1713 2122 Si-

982 2142 1130 2182 gnificat
1151 2146 1271 2175 autem
1295 2145 1432 2176 Artem.
1476 2144 1559 2178 vid.
1582 2155 1618 2178 v.
1635 2145 1712 2179 223.

983 2199 1020 2229 et
1042 2197 1094 2230 61.
1140 2199 1264 2231 Amor.
1287 2200 1354 2241 111,
1378 2199 1435 2241 14,
1458 2199 1491 2232 4.

1047 2259 1111 2288 Nec
1135 2268 1183 2288 me
1208 2261 1337 2290 deliciae
1363 2262 1515 2295 (carmina
1539 2261 1574 2289 de
1598 2263 1712 2297 amore)

1378 2305 1548 2333 dedecuere
1566 2313 1662 2334 meae.

1025 2378 1079 2410 79.
1123 2374 1304 2408 Carmina
1333 2376 1403 2408 etc.
1460 2377 1596 2409 sensus
1637 2377 1710 2409 est:

982 2433 1031 2465 ah
1059 2433 1169 2475 ferus
1197 2430 1264 2463 ille
1294 2430 1389 2473 fuit,
1419 2430 1482 2473 qui
1513 2430 1579 2463 tibi
1605 2430 1710 2463 iocos

979 2496 1081 2521 meos
1112 2486 1190 2520 sive
1222 2486 1355 2519 Artem
1383 2494 1505 2519 meatm
1537 2485 1627 2527 leyit
1647 2489 1711 2524 (ea

981 2543 1135 2585 mente),
1157 2550 1202 2574 ne
1225 2541 1316 2574 libri
1343 2541 1404 2574 illi
1427 2542 1463 2574 te
1484 2541 1709 2573 venerantes

982 2599 1095 2640 atque
1117 2594 1317 2630 laudantes
1346 2596 1478 2639 (malus
1510 2598 1708 2629 metamor-
1772 2590 1775 2592 ’

981 2654 1143 2695 phoseon
1165 2663 1254 2694 opus
1277 2653 1499 2694 potissimum
1529 2651 1566 2683 111
1587 2651 1707 2683 animo

981 2709 1099 2741 habet.
1142 2710 1188 2742 V.
1213 2709 1284 2745 63.)
1312 2706 1490 2750 aequiore
1517 2705 1643 2738 animo
1667 2709 1708 2744 (a
1774 2720 1789 2732 ·

981 2765 1037 2802 te)
1059 2762 1133 2805 leyi
1151 2763 1316 2804 possent.
1361 2761 1465 2805 Quod
1479 2763 1598 2795 autem
1611 2769 1708 2795 nune

981 2828 1009 2852 a
1041 2819 1078 2852 te
1110 2818 1183 2862 leqi
1216 2818 1323 2862 dicit,
1365 2817 1415 2858 (st
1447 2819 1555 2852 modo
1588 2817 1707 2859 dicit),
