1846 3146
568 73 1118 163 monacum
1541 106 1610 160 13

85 213 231 289 summ,
256 219 469 275 sinceram
495 229 656 272 habent
680 235 810 284 atque
830 229 1114 282 incorruptam
1125 226 1268 270 Latini
1280 228 1489 271 sermonis
1504 241 1609 284 pro-

86 306 310 361 pietaten
336 309 464 359 atque
490 303 790 358 integritatem.
844 300 963 341 Nihil
977 313 1156 356 usquam
1174 299 1265 340 duri
1292 306 1368 342 aut
1394 300 1606 357 affectati,

85 377 242 419 nuflum
267 375 468 430 studium,
497 373 608 430 quod
635 374 680 415 in
706 372 937 414 aliis-illius
964 373 1120 414 aetatis
1146 372 1288 426 poetis
1313 372 1481 415 Latinis
1509 386 1612 416 cer·
1692 363 1695 366 ’

86 448 214 504 nitur,
252 445 517 489 Graecitatis
552 451 652 500 aut,
682 443 795 499 quod
823 444 867 484 in
893 444 1103 498 Propertii
1130 445 1266 499 elegis
1294 444 1496 498 imprimis
1524 458 1611 487 no-

88 524 202 561 tatu
211 547 229 575 ,
272 518 523 565 imolentiae
557 521 630 558 aut
666 516 928 571 antiquitatis
965 529 1105 570 neque
1140 517 1184 557 in
1218 517 1364 558 verbis
1397 530 1537 572 neque
1564 519 1610 560 in

89 603 237 632 eorum
263 589 573 644 coniunctione,
602 588 741 629 nullus
768 594 903 628 tumor
930 588 1151 643 inanisque
1168 589 1483 649 splendidorum
1505 602 1617 635 ver-z

89 656 235 704 borum
251 649 484 715 strepitus:
524 659 605 702 sed
641 661 775 700 oratio
803 659 895 700 fere
924 660 1078 714 ubique
1106 661 1271 716 nativa,
1301 674 1409 702 vera
1437 673 1490 702 ac
1518 662 1614 703 La-

48 717 204 788 ‚5⁵⁸3
228 732 423 788 adeoque
449 732 651 786 simplex,
689 737 736 772 ut
767 744 1065 786 nonnunquam
1099 745 1232 786 prope
1267 733 1390 774 nimis
1420 733 1475 774 ad
1504 746 1614 775 con-

87 804 354 848 memdinem
398 816 662 845 communem
698 803 948 846 descendat.
1032 803 1258 845 Structura
1305 805 1615 847 sententiarum

87 877 229 918 facilis
256 882 301 917 et
327 882 472 928 tamen
498 876 635 930 varia,
664 888 779 916 nova
806 881 849 915 et
877 876 1072 929 elegans,
1096 880 1142 915 ut
1165 889 1221 916 ex
1239 876 1306 917 his
1322 889 1488 931 quoque
1511 889 1612 918 car-

0 986 1 993 ,
86 948 269 990 minibus
294 953 515 1003 appareat,
547 959 694 988 omnes
724 945 926 988 Ovidium
950 946 1091 987 Latini
1129 948 1339 988 sermonis
1378 949 1527 1001 copias
1568 949 1614 990 in

24 1044 27 1047 >
86 1025 283 1074 promptu
323 1016 553 1073 habuisse,
596 1019 793 1072 nullaque
837 1031 1017 1072 usquam
1061 1018 1311 1060 difficultate
1354 1027 1429 1060 aut
1470 1021 1614 1074 inopia

86 1091 226 1132 fuisse
252 1090 513 1144 impeditum,
550 1091 787 1144 quominus,
822 1090 1016 1144 quicquid
1043 1091 1177 1131 vellet
1205 1096 1250 1131 et
1277 1092 1416 1132 animo
1447 1105 1612 1134 conce-

86 1162 242 1217 pisset,
271 1174 398 1216 quam
426 1161 707 1215 facillime‘ac
734 1161 993 1202 lucidissime
1022 1161 1270 1203 declararet.
1334 1164 1501 1205 Versus
1532 1164 1614 1204 de-

85 1233 214 1287 nique
241 1238 363 1274 tanta
389 1232 595 1274 facilitate
623 1232 865 1288 decurrunt,
904 1239 951 1274 ut
986 1246 1071 1275 non
1103 1246 1207 1275 cura
1235 1246 1289 1276 ae
1315 1235 1460 1275 labore
1490 1248 1613 1277 com-

88 1305 233 1361 positi,
260 1304 342 1345 sed
368 1310 519 1346 natura
546 1317 601 1345 ac
627 1316 707 1345 sua
742 1311 895 1358 sponte
923 1317 1029 1346 esse
1060 1306 1150 1346 nati
1178 1311 1222 1347 et
1250 1305 1306 1346 ad
1335 1319 1432 1347 eam
1460 1296 1616 1348 nume-

88 1387 229 1431 rorum
260 1375 564 1430 modorumque
597 1377 852 1418 varietatem
886 1383 1016 1431 atque
1053 1366 1307 1419 concentum
1347 1380 1617 1420 concurrisse
1648 1400 1650 1403 v

89 1446 346 1502 videantur3
371 1452 418 1488 et
443 1453 588 1488 tamen
614 1453 702 1488 tam
730 1454 832 1501 apta
858 1454 928 1489 est
963 1450 1270 1490 sententiarum
1306 1451 1539 1505 conclusio,
1570 1456 1619 1491 ut

0 1516 14 1539 '²
88 1517 204 1559 haud
229 1518 359 1560 facile
387 1519 623 1573 discernas,
654 1524 791 1559 utrum
817 1521 1059 1560 sententiae
1079 1533 1157 1573 pro
1179 1522 1344 1562 ratione
1367 1534 1423 1562 ac
1443 1522 1616 1562 modulo

87 1583 306 1631 versuum'
324 1590 451 1631 modo
488 1590 738 1645 dilatentur,
777 1591 903 1631 modo
939 1597 1230 1646 coarctentur,
1271 1605 1327 1633 an
1354 1606 1508 1634 versus
1537 1606 1617 1634 se-

89 1666 271 1715 quantur
296 1663 536 1704 sententias
563 1675 791 1716 earumque
807 1662 933 1704 modo
954 1668 1082 1721 atque
1103 1663 1425 1706 conformationi
1439 1677 1617 1721 accomt·

92 1731 325 1783 modentur‘.
354 1718 358 1721 ⁵

199 1803 291 1844 Sed
318 1802 471 1844 eadem
506 1803 665 1844 habent
700 1803 885 1858 insignia
921 1816 1088 1859 quoque
1116 1805 1237 1849 vitia.
1292 1806 1409 1848 Nam
1437 1807 1617 1860 primum

87 1874 297 1930 laborant,
326 1881 377 1916 ut
399 1875 524 1916 huius
552 1878 711 1928 poetae
738 1876 928 1917 earmina
948 1877 1156 1930 ‘pleraque
1175 1879 1331 1933 omnia,
1347 1880 1476 1920 nimia
1505 1893 1616 1934 qua-

0 2005 6 2012 .
43 1990 46 1993 ,
89 1945 190 1987 dnm
215 1946 473 1987 abundantia
500 1952 628 2001 atque
654 1947 831 1988 luxuria.
873 1948 932 1993 ,Ν
932 1961 1084 2002 amque
1098 1947 1279 1991 Ovidius
1293 1940 1462 1991 'felicem
1482 1952 1613 2007 illam,

89 2029 175 2072 qua
201 2017 258 2058 ad
282 2018 496 2071 poeticam
531 2030 560 2059 a
587 2025 738 2060 natura
765 2026 857 2060 erat
892 2020 1142 2074 instructus,
1172 2021 1333 2075 ingenii
1361 2024 1614 2078 ubertatem,

63 2115 74 2124 ‚
91 2089 189 2130 s'ive
218 2089 330 2143 quod
355 2089 555 2130 iudicium
582 2103 705 2131 suum
732 2091 873 2132 studio
901 2104 956 2133 ae
982 2093 1256 2133 meditatione
1284 2106 1371 2134 non
1397 2096 1505 2136 satis
1535 2109 1617 2137 ex-

92 2160 223 2201 eoluit
247 2160 460 2215 acuitque,
493 2161 588 2202 sive
617 2162 729 2217 quod
754 2163 849 2216 ipse
877 2164 957 2204 sibi
985 2165 1107 2205 nimis
1135 2165 1309 2219 placuit,
1338 2178 1423 2206 non
1445 2180 1618 2220 semper

93 2231 312 2285 elegantia,
348 2233 519 2288 iudicii,
553 2239 600 2274 ut
636 2235 842 2289 oportuit,
882 2237 1136 2289 temperavit
1172 2242 1301 2290 atque
1342 2239 1617 2291 compescuit.

91 2302 205 2344 Hinc
230 2304 275 2344 in
300 2304 378 2345 his
393 2311 563 2359 quoque
591 2306 846 2347 carminibus
871 2308 1050 2359 primum
1076 2320 1289 2360 persaepe
1318 2309 1418 2350 illud
1453 2322 1618 2363 pecca-

91 2374 172 2427 vit,
200 2381 248 2416 ut
275 2376 355 2416 illis
381 2360 633 2429 praesertim
661 2378 703 2417 in
730 2378 853 2431 locis,
883 2379 956 2432 qui
983 2380 1301 2433 exquisitiorem
1331 2381 1515 2435 aliquem
1543 2395 1617 2422 or-

0 2485 9 2498 &
93 2451 237 2486 natum
264 2447 338 2488 vel
366 2447 599 2489 doctrinam
627 2449 911 2503 admitterent,
943 2451 1069 2490 nimio
1108 2451 1289 2505 quodam
1323 2453 1451 2494 animi
1479 2454 1618 2507 impe-

0 2516 13 2571 ,¹
94 2522 140 2557 tu
156 2529 210 2558 ac
223 2517 475 2571 phantasiae
502 2514 917 2561 redundantia'ultra
943 2522 1054 2563 fines
1076 2536 1208 2564 verae
1231 2524 1521 2576 pulcritudinis
1537 2526 1617 2565 ab-

92 2588 172 2644 ripi
211 2602 314 2630 sese
367 2596 594 2643 pateretur.
664 2592 807 2646 Atque
852 2592 951 2633 inde
993 2605 1065 2634 res
1105 2607 1159 2635 ac
1205 2596 1444 2636 sententias
1482 2609 1618 2649 saepe

94 2660 232 2712 paullo
266 2661 459 2703 subtilius
498 2662 688 2703 extendit
725 2669 853 2718 atque
889 2664 932 2704 in
968 2666 1242 2707 tenuissimas
1278 2674 1426 2720 partes
1458 2668 1621 2709 diduxit

78 2735 223 2789 atque
251 2729 462 2788 dissolvit,
491 2739 538 2774 ut
565 2746 649 2774 non
677 2735 789 2776 absit
817 2748 845 2776 a
871 2737 1200 2790 reprehensione
1223 2739 1453 2780 nimietatis
1473 2752 1527 2780 ac
1553 2741 1621 2780 lo-

97 2803 334 2856 quaeitatis.
388 2805 489 2846 Nec
517 2818 612 2847 raro
641 2807 873 2848 orationem
903 2810 1126 2863 exemplis,
1151 2803 1361 2852 ‘similibus
1378 2817 1421 2852 et
1441 2824 1620 2866 compa-
