1846 3146
199 187 299 239 308

443 186 501 236 Ρ.
536 184 760 238 ovmll
792 183 1109 236 NASONIS
1141 183 1485 237 TRISTIUM

199 309 260 361 Si
293 309 382 360 tibi
415 308 516 359 tale
550 308 726 358 fretum
761 307 1015 373 quondam,
1050 307 1296 369 Leandre,
1332 307 1524 368 fuisset,

263 392 383 442 Non
416 391 547 441 foret
579 396 817 456 angustae
849 407 978 440 mors
1011 396 1096 440 tua
1130 393 1311 441 crimen
1343 404 1514 456 aquae.

199 475 325 524 Tum
358 490 516 539 neque
550 490 606 524 se
638 474 784 541 pandi
819 478 1024 542 possunt
1058 473 1315 540 delphines
1349 476 1401 523 in
1433 489 1576 524 auras

266 557 498 607 Tollere:
535 563 769 608 conantes
806 556 928 606 dura
963 563 1162 607 coercet
1193 557 1373 619 hiems3

199 640 268 690 Et
302 642 522 706 quamvis
555 641 744 691 Boreas
777 642 970 690 iactatis
1005 643 1199 690 insonet
1233 641 1343 701 alis,

266 724 475 773 Fluctus
509 726 560 772 in
595 723 801 775 obsesso
835 725 1031 789 gurgite
1065 723 1230 774 nullus
1262 724 1380 784 erit3

199 806 524 872 Inclusaeque
556 806 674 872 gelu
708 806 916 868 stabunt,
951 812 1006 856 ut
1037 821 1286 868 marmore,
1320 820 1526 873 puppeS‚

266 890 382 940 Nee
414 892 596 956 poterit
627 889 814 955 rigidas
845 890 1032 940 findere
1064 905 1224 939 remus
1258 906 1423 955 aquas.

202 1039 303 1073 Leid.
340 1040 475 1073 clausa
511 1038 607 1082 fluit.
673 1040 783 1076 Fluit
824 1042 932 1076 etiam

202 1096 309 1128 Bern.

247 1171 301 1205 41.
340 1171 444 1214 Tale,
476 1181 528 1206 sc.
557 1176 600 1207 ut
622 1175 759 1208 calcari
782 1176 932 1217 pedibus

204 1229 242 1260 et
264 1229 414 1261 transiri
446 1229 633 1269 potuisset.
685 1232 853 1264 Leander
875 1233 932 1264 iu-

202 1283 307 1315 venis
335 1284 558 1326 Abydenus,
591 1285 722 1317 misere
746 1287 935 1327 deperibat

202 1338 303 1371 Hero
338 1339 495 1380 puellam
526 1340 705 1382 Sestiam,
750 1343 815 1373 sed
843 1342 935 1373 iram

201 1396 394 1435 parentum
430 1397 592 1427 metuens
630 1403 788 1428 amorem
832 1405 934 1428 suum

203 1450 359 1482 celabat.
405 1451 453 1482 Ut
472 1453 589 1482 tamen
602 1451 739 1483 amicae
753 1460 841 1493 suae
855 1461 934 1484 am-

203 1504 368 1546 plexibus
406 1506 613 1548 frueretur,
647 1509 758 1539 noctu
788 1508 934 1539 Helles-

201 1563 352 1602 pontum
376 1562 485 1598 (nam
509 1562 598 1594 haec
622 1565 677 1594 est
701 1565 865 1604 anqusta
887 1573 934 1596 ιι-

202 1624 278 1658 qua
306 1610 408 1649 huius
440 1617 528 1651 loci.
584 1618 665 1650 vid.
694 1620 731 1661 1,
767 1619 829 1662 10,
860 1621 932 1658 28.)

202 1673 468 1705 transnatabat.
525 1673 662 1706 verum
697 1684 802 1715 quum
825 1677 934 1708 etiam

202 1727 315 1768 ipsam
345 1735 413 1768 per
443 1730 695 1769 tempestatem
725 1733 854 1763 natare
888 1732 934 1763 ad

203 1790 282 1815 eam
306 1786 519 1825 conaretur,
541 1792 564 1815 a
585 1785 751 1817 fluctibus
781 1787 933 1819 obrutus

201 1838 325 1880 periit,
350 1839 449 1870 cuius
467 1847 625 1880 corpore
646 1844 844 1881 conspecto
859 1843 935 1874 He-

201 1900 247 1924 ro
277 1895 314 1924 et
341 1893 421 1932 ipsa
449 1893 485 1925 in
515 1903 615 1927 mare
646 1904 727 1928 sese
750 1898 934 1938 praecipi-

203 1946 306 1980 tavit.
352 1950 490 1980 Musae.
513 1950 600 1980 Her.
621 1954 656 1982 et
673 1953 807 1982 Leand.
830 1952 934 1985 Ovid.

203 2002 350 2035 Hei-oid.
361 2003 494 2035 XVIII.
515 2006 551 2036 et
565 2005 657 2036 XIX.
681 2005 784 2047 Virg.
799 2007 934 2048 Georg.

203 2059 270 2100 111,
289 2058 366 2090 258.
389 2065 485 2099 seqq.
506 2057 610 2091 Conf.
627 2059 725 2091 infra
746 2070 780 2092 v.
804 2061 857 2092 73.
880 2061 934 2093 74.

250 2146 305 2179 43.
340 2145 485 2188 Pandi,
525 2146 669 2180 incurvi
695 2147 774 2180 sive
804 2156 844 2180 se
875 2148 933 2180 in-

205 2204 402 2236 curvantes
426 2202 472 2233 ad
493 2210 575 2234 sese
598 2202 797 2235 tollendum
816 2203 851 2235 in
875 2204 934 2235 al-

205 2259 290 2290 tum.
334 2258 424 2290 Plin.
451 2259 494 2290 Η.
526 2259 570 2291 Ν.
599 2260 671 2300 lx,
701 2267 732 2291 e.
755 2260 786 2292 8.
831 2259 934 2290 Nam

204 2320 288 2345 cum
313 2312 417 2354 fame
456 2312 613 2353 conciti,
655 2312 861 2355 fuqientem
895 2312 935 2345 in

203 2369 306 2400 vada
327 2367 405 2400 ima
425 2367 618 2408 persecuti
638 2367 778 2409 piscem
794 2368 936 2401 diutius

203 2421 382 2462 spiritum
405 2421 635 2464 continuere,
650 2424 692 2454 ut
703 2432 800 2456 arcu
812 2422 934 2456 emissi

204 2477 257 2509 ad
277 2476 546 2517 respirandum
574 2477 773 2511 emicant
803 2478 934 2509 tanta-

205 2540 276 2575 que
298 2533 336 2565 vi
359 2533 552 2575 exsiliunt,
574 2534 618 2566 ut
635 2534 857 2575 plerumque
869 2541 934 2564 ve-

205 2589 247 2621 la
268 2588 421 2621 navium
439 2589 688 2622 transvolent.
702 2606 744 2611 —
758 2589 841 2627 Seg.
857 2587 936 2618 tum

204 2654 291 2680 non.
336 2646 432 2677 Busl.
458 2645 556 2678 tnnc.
602 2646 709 2678 Serv.
730 2642 894 2684 possent.

249 2735 303 2768 44.
337 2734 476 2777 Hiems,
500 2744 568 2775 pro
593 2734 725 2766 effectu
757 2732 789 2763 h.
813 2738 845 2762 e.
866 2738 935 2772 pro

203 2790 328 2833 glacie
349 2791 428 2822 sive
452 2798 548 2831 aqua
571 2789 778 2830 congelata.

248 2880 302 2915 4³.
337 2877 525 2919 Quamvis.
571 2876 696 2911 secuti
725 2884 846 2909 sumus
870 2882 938 2907 co-

999 1042 1116 1074 dicum
1139 1041 1254 1081 fidem.
1298 1041 1390 1074 Nam
1412 1040 1560 1072 IIVatt.
1579 1040 1617 1072 et
1627 1038 1728 1072 Maff.

998 1099 1094 1138 apud
1125 1096 1238 1139 Ciof.,
1268 1097 1403 1140 Guelf„
1432 1098 1553 1138 Bern.,
1582 1095 1658 1127 Pal.
1682 1095 1728 1137 1.,

998 1153 1115 1184 nostri
1139 1161 1278 1195 omnes,
1297 1151 1478 1194 quamvis,
1496 1151 1603 1183 etiam
1614 1149 1729 1182 Hein-

999 1208 1058 1250 sii,
1088 1211 1238 1249 praeter
1272 1209 1350 1240 Pal.
1384 1209 1415 1240 2.
1446 1210 1483 1239 et
1518 1209 1654 1239 Bersm.
1692 1205 1729 1236 et

1000 1264 1158 1295 fortasse
1180 1264 1328 1305 Franc„
1352 1262 1412 1304 qui
1434 1271 1513 1294 cum
1535 1263 1624 1294 vett.
1648 1261 1728 1292 edd.

1000 1319 1131 1351 habent
1154 1326 1380 1360 quanquam,
1403 1318 1497 1359 quod
1517 1317 1596 1350 sine
1620 1322 1729 1347 caus-

999 1383 1042 1406 sa
1064 1375 1204 1406 induxit
1226 1376 1460 1416 Burmannus.

1044 1431 1157 1463 Venti
1184 1430 1273 1461 alati
1306 1429 1438 1470 passim
1469 1429 1565 1470 apud
1587 1426 1728 1470 poetas.

999 1487 1103 1518 Pont.
1125 1487 1156 1527 Ι,
1180 1488 1215 1526 5,
1238 1485 1309 1525 72.,
1332 1486 1420 1516 Met.
1443 1484 1475 1526 1,
1498 1483 1596 1526 264„
1618 1485 1729 1524 Prop.

1000 1543 1071 1584 111,
1102 1543 1144 1583 5,
1175 1541 1229 1572 29.
1238 1562 1251 1583 ,
1285 1541 1395 1572 Voss.
1426 1540 1583 1580 Mythol.
1607 1537 1730 1571 Briefe

1001 1598 1070 1638 35.,
1093 1596 1292 1630 VVinkelm.
1315 1596 1406 1637 Opp.
1428 1597 1478 1638 11,
1495 1595 1570 1627 568.
1583 1594 1729 1635 -Μει,

1000 1652 1069 1693 VI,
1093 1653 1169 1684 703.
1537 1664 1541 1668 -

1065 1726 1149 1754 Haec
1163 1726 1278 1763 Boreas
1295 1727 1348 1753 ant
1370 1723 1417 1752 his
1439 1730 1500 1751 non
1516 1721 1664 1750 inferiora
1680 1721 1729 1750 lo-

1397 1770 1484 1795 cutus

1065 1815 1208 1844 Excussit
1224 1820 1355 1851 pennas;
1373 1819 1498 1848 quarum
1514 1810 1677 1840 iactatibus
1694 1817 1731 1838 o-

1374 1862 1383 1867 ·
1447 1857 1457 1883 i

1066 1903 1177 1932 Afflata
1194 1906 1242 1931 est
1258 1892 1360 1937 tellus,
1385 1863 1539 1936 lllllulque
1559 1898 1732 1936 perhorruit

1398 1953 1522 1983 aequor.

1002 2018 1107 2052 Conf.
1131 2017 1237 2067 Trist.
1261 2018 1329 2059 111,
1351 2016 1389 2058 8,
1413 2018 1446 2048 5.

1045 2095 1098 2127 47.
1139 2094 1187 2125 Ut
1207 2100 1411 2124 marmore.
1445 2091 1731 2132 Vulg.utmar-

999 2158 1114 2182 more.
1159 2151 1193 2181 11
1215 2150 1317 2181 Vatt.
1342 2150 1379 2179 et
1401 2146 1500 2179 Maff.
1524 2146 1619 2186 apud
1642 2144 1731 2178 Cio-

999 2207 1144 2248 fanum,
1191 2207 1268 2238 Pal.
1302 2205 1332 2237 1.
1340 2226 1355 2246 ,
1400 2203 1543 2244 Guelf„
1583 2203 1732 2243 Franc.‚

1001 2263 1127 2303 Bern.,
1166 2263 1245 2293 Put.
1285 2263 1321 2293 et
1349 2260 1472 2292 XXVI
1501 2257 1565 2290 alii
1593 2256 1731 2298 Heius„

1000 2319 1150 2359 Dresd.,
1186 2317 1282 2358 Bel„
1313 2316 1443 2357 Crem,
1466 2314 1563 2346 Busl.
1588 2314 1625 2344 et
1646 2312 1730 2352 Seg.

1001 2373 1153 2404 stabunt
1169 2371 1208 2403 in
1225 2379 1429 2412 marmore,
1442 2374 1480 2402 ut
1493 2375 1665 2401 marmor
1684 2365 1732 2398 sit

998 2436 1066 2468 pro
1090 2435 1258 2467 aequore.
1304 2427 1526 2460 Confirmant
1540 2431 1619 2456 eam
1635 2421 1732 2454 scri-

999 2487 1143 2525 pturam
1159 2483 1365 2515 Dresd.a2.
1389 2491 1433 2514 m.
1457 2482 1494 2513 et
1520 2481 1557 2512 V
1578 2475 1732 2518 Heinsii,
1788 2515 1792 2518 Δ

1001 2538 1111 2580 quiin
1125 2538 1305 2580 maryine.
1342 2537 1486 2579 Reliqui
1502 2535 1604 2568 codd.
1617 2531 1731 2565 Hein-

1001 2595 1046 2626 8ἰί
1081 2594 1158 2635 (qui
1199 2594 1374 2636 perpauci
1411 2601 1492 2625 esse
1527 2586 1731 2629 videntur),

1003 2650 1082 2681 Bel.
1114 2657 1137 2680 a
1166 2650 1198 2681 2.
1227 2659 1286 2692 m.,
1316 2649 1437 2682 Berol.
1461 2643 1514 2686 (ἓ)
1538 2654 1617 2679 cum
1641 2645 1732 2676 vett.

1003 2706 1082 2736 edd.
1107 2705 1151 2736 ut
1170 2713 1373 2746 marmore,
1392 2711 1495 2744 quam
1513 2701 1734 2740 scripturam

1003 2762 1143 2792 mutare
1157 2760 1350 2801 noluimus,
1365 2767 1468 2800 quum
1480 2762 1652 2788 marmor
1664 2761 1732 2794 pro
1794 2772 1797 2781 ·

1003 2823 1163 2856 aequore
1193 2815 1288 2855 apud
1316 2815 1497 2846 Nasonem
1524 2819 1597 2843 non
1626 2810 1733 2850 lega—

1003 2874 1078 2913 tur,
1107 2873 1145 2903 et
1174 2871 1324 2912 vulgata
1359 2868 1564 2909 elegantem
1601 2865 1733 2898 habeat
