1846 3146
201 180 301 230 548

200 314 318 340 saeva
342 309 380 341 et
403 306 516 340 laeva
536 304 658 340 litora
679 306 795 342 Ponti
817 308 894 343 347.

200 362 366 405 sayittae
387 363 564 397 hamatae
593 364 670 396 309.
702 380 743 387 --
773 364 940 407 saqittae

245 419 503 467 barbarorum
527 420 736 453 venenatae
762 420 838 453 310.
861 421 937 455 349.

247 476 324 508 480.

200 532 314 572 Salpe
337 532 415 564 200.
480 563 482 565 .
845 569 847 574 ,

199 589 350 621 saltare
365 597 520 622 carmen
537 588 669 622 220.-
683 587 842 625 saltatio
861 588 936 623 486.

199 645 342 686 salvas,
365 643 480 676 satin'
501 642 660 677 salvus?
682 646 736 678 27.

199 699 338 732 Samos
362 702 399 732 et
421 699 534 732 Same
561 700 682 733 insula
710 702 820 735 maris
843 702 938 736 Ionii

211 751 214 752 ⁷
244 756 300 788 89.
320 773 364 779 --
379 758 509 789 Samos
524 757 708 799 Threicia,
722 759 937 792 Samothra-

244 813 304 845 cia
327 811 402 844 122.
414 828 459 834 -
473 813 602 845 Samos
624 812 691 845 ins.
707 814 849 856 Aegaei
860 815 937 848 256.

246 885 292 892 -
302 866 455 901 Samius
467 875 595 910 senem,
608 869 839 913 Pythagoras
860 871 937 904 256.

247 921 353 955 Conf.
375 933 410 965 p.
434 924 488 957 32.

200 979 358 1012 sanctus
382 980 436 1012 95.

199 1034 349 1076 sappho
380 1034 455 1069 188.
488 1034 567 1068 288.
596 1051 640 1058 -
669 1034 808 1071 Lesbia
828 1035 938 1070 vates

243 1091 321 1124 288.

199 1146 385 1184 Sarmatia
408 1146 484 1180 163.
516 1164 559 1170 —
591 1145 787 1180 Sarmatis
821 1147 937 1181 tellus

243 1204 298 1236 57.
328 1219 373 1226 —-
401 1211 475 1236 ora
504 1203 581 1237 451.
603 1204 680 1238 428.
705 1220 750 1227 -
771 1203 937 1237 Sarma—

245 1258 342 1292 tiens
374 1259 451 1292 257.
486 1259 563 1292 489.
592 1276 638 1283 ·—
669 1259 878 1293 Sarmatae
899 1262 938 1295 et

205 1352 207 1354 v
242 1315 504 1349 Sauromatae
526 1316 602 1349 163.
626 1316 701 1349 148.
724 1318 802 1350 303.
826 1318 902 1350 326.

199 1372 390 1413 Saturnia,
412 1373 504 1404 Iuno
528 1371 582 1403 44.
607 1371 683 1404 178.
706 1372 781 1405 179.
805 1373 882 1405 276.

199 1427 381 1458 Saturnus
411 1426 624 1468 procreavit
651 1429 839 1462 Venerem
860 1428 936 1461 222.

199 1482 328 1524 Satyri
351 1481 427 1514 458.
447 1498 493 1506 —·
514 1481 651 1515 lascivi
672 1482 757 1517 ibid.

199 1545 316 1569 scena
341 1537 415 1570 115.

199 1594 403 1626 schillerus
441 1593 554 1636 polita
592 1594 796 1627 Germanus
833 1594 937 1637 eupi-

246 1650 325 1682 dius
356 1649 522 1683 Ovidium
546 1649 733 1690 vituperat
756 1650 809 1683 16.

198 1704 407 1737 Schoeneia
429 1704 553 1747 virgo,
577 1706 755 1739 Atalanta
777 1706 853 1739 193.

199 1760 347 1794 scilicet
370 1761 425 1794 49.
455 1761 509 1794 84.
539 1761 615 1794 151.
648 1762 724 1811 ³42·
755 1763 831 1796 394.
860 1750 943 1795 445.

244 1818 321 1850 474.
346 1819 423 1850 500.

199 1873 374 1907 scindere
402 1873 494 1906 navi
521 1881 645 1915 aquas
675 1873 730 1905 76.
762 1873 837 1905 102.
862 1872 937 1904 128.

244 1929 323 1962 451.
346 1947 388 1952 -
414 1929 589 1963 scindere
619 1928 769 1961 terram
795 1926 938 1960 aratro

245 1986 322 2018 392.

202 2041 412 2083 Scribonia,
438 2041 560 2072 altera
582 2039 737 2081 Augusti
755 2047 866 2080 uxor,
884 2038 937 2070 95.

200 2095 348 2129 scrinia
370 2095 560 2128 librorum
583 2096 637 2128 39.

199 2153 348 2197 Scylla,
370 2152 504 2186 Phorci
526 2152 603 2185 filia
624 2151 700 2185 398.

202 2210 349 2250 Scylla,
373 2207 451 2241 Nisi
473 2207 550 2240 filia
573 2207 648 2240 192.

199 2262 373 2304 Scyriae,
395 2262 588 2305 tragoedia
611 2262 692 2294 196.-

201 2318 357 2360 Scythia
379 2318 433 2350 69.
456 2317 590 2350 244.-
609 2317 774 2358 Scythae
790 2310 939 2358 οἷνθρω·

245 2370 413 2416 πόφαγοι
436 2376 473 2406 et
491 2380 661 2406 cruorem
684 2372 848 2406 bibentes
862 2373 937 2406 383.

245 2448 290 2453 —
319 2430 538 2472 Scytharum
568 2429 649 2460 fera
682 2437 757 2461 vox
788 2428 863 2461 515.
893 2445 938 2451 -

245 2485 462 2526 Scythicum
481 2484 627 2526 fretum
645 2483 721 2517 451.
768 2483 824 2517 cf.
837 2483 938 2516 Sar-

245 2543 373 2575 matae
397 2545 435 2573 et
462 2539 590 2572 Getae.

201 2598 389 2631 secundus
412 2597 465 2629 93.

201 2661 360 2686 securus
383 2654 422 2683 et
445 2651 550 2684 tutus
573 2650 648 2684 157.

202 2708 335 2740 sedere
358 2708 435 2741 301.

203 2764 310 2796 sedes
331 2762 521 2796 librorum
543 2764 620 2796 233.

204 2819 351 2851 semele
384 2819 459 2852 194.
495 2821 570 2852 373.
593 2835 637 2843 —-
669 2818 829 2861 Semele,
860 2821 939 2851 tra-

247 2876 379 2918 goedia
404 2875 478 2908 194.

858 185 1099 239 INDEX.

1004 309 1164 344 semibos
1184 309 1259 351 vir,
1281 311 1533 360 Minotaurus,
1553 323 1638 360 pag.
1653 316 1739 352 400.

1004 366 1148 400 sentire
1170 369 1224 401 66.
1248 369 1326 402 294.

1003 423 1155 465 sepeliri
1186 419 1224 457 in
1263 426 1462 469 peregrina
1494 429 1596 462 terra
1629 427 1736 470 triste

1047 480 1235 513 veteribus
1257 481 1334 513 252.
1527 494 1530 497 ·
1560 513 1562 518 ,

1002 537 1142 576 septem
1166 535 1283 569 eolles
1305 537 1445 570 Romae
1467 538 1545 571 292.
1568 540 1623 572 35.

1003 591 1176 631 sepulcra
1197 592 1244 624 ad
1266 592 1347 625 vias
1368 594 1534 635 publicas
1555 595 1632 628 258.

1003 648 1187 679 sertorum
1210 655 1295 680 usus
1316 648 1354 680 in
1377 650 1557 685 convivfis
1578 651 1655 684 454.

1003 699 1204 733 servabilis
1226 702 1303 735 389.
1329 703 1384 736 84.

1003 763 1165 790 servare
1185 757 1222 791 in
1245 760 1401 801 augurio
1425 759 1500 794 116.

1003 812 1105 845 servi
1127 815 1361 855 compedibus
1383 815 1499 850 vincti
1521 818 1597 851 339.

1004 867 1156 901 servius
1180 868 1363 911 sulpicius
1382 872 1500 906 nurus
1520 874 1599 907 205.
1654 862 1656 865 ’

1004 923 1133 957 Sestus
1157 924 1230 957 124.
1355 938 1357 941 ⁴

1003 986 1161 1012 severae
1180 979 1327 1022 frontis
1346 981 1496 1026 scripta
1518 984 1593 1018 170.
1616 983 1618 986 ’

1003 1033 1038 1066 si
1067 1043 1149 1068 eum
1177 1036 1285 1070 indie.
1315 1039 1353 1071 et
1382 1033 1565 1082 eouinnct.
1592 1041 1669 1075 491.
1692 1058 1737 1067 -

1047 1090 1081 1123 si
1103 1092 1280 1126 omittitur
1303 1094 1381 1127 327.
1404 1095 1480 1128 369.
1493 1111 1537 1118 --
1549 1094 1584 1128 sn·
1596 1097 1653 1130 bis
1673 1099 1737 1131 vel

1048 1149 1107 1180 ter
1128 1147 1166 1180 ln
1191 1149 1332 1190 protasi
1355 1150 1432 1183 527.
1454 1167 1499 1173 -
1519 1149 1677 1184 si——se'u
1698 1154 1738 1185 et

1048 1202 1237 1236 seu—sou
1265 1205 1318 1238 57.
1348 1221 1392 1228 -
1420 1204 1454 1238 si
1476 1198 1571 1238 casa
1592 1206 1670 1239 248.
1691 1223 1738 1231 -

1049 1258 1082 1291 εἰ
1107 1258 1174 1301 fas
1201 1259 1260 1292 est
1285 1259 1364 1293 243.
1397 1277 1442 1283 -
1474 1259 1510 1293 si
1537 1269 1613 1304 qua
1641 1264 1680 1295 et
1704 1261 1740 1295 si

1047 1323 1145 1357 quae
1174 1316 1229 1348 35.
1260 1331 1306 1338 -
1337 1313 1372 1348 εἰ
1400 1315 1491 1358 quid
1517 1315 1560 1350 ia
1581 1318 1639 1350 est
1662 1318 1738 1360 413.

1049 1387 1094 1394 --
1122 1369 1157 1403 si
1186 1370 1271 1413 quis
1299 1380 1367 1413 pro
1397 1370 1461 1413 qui
1485 1372 1560 1405 100.
1583 1373 1660 1406 513.
1703 1374 1739 1416 1,

1049 1426 1086 1468 9,
1108 1426 1163 1459 26.
1185 1443 1232 1450 ——
1253 1425 1288 1459 si
1309 1416 1394 1470 quie
1415 1429 1496 1461 eum
1520 1427 1553 1460 2.
1578 1435 1739 1469 persona

1049 1482 1155 1514 verbi
1187 1482 1275 1516 311.
1294 1500 1336 1506 —-
1365 1482 1400 1516 si
1423 1483 1620 1527 quisquam
1640 1485 1716 1518 517.

1004 1535 1060 1570 sic
1082 1538 1159 1570 117.
1182 1538 1258 1571 157.
1282 1539 1358 1572 389.
1381 1539 1460 1572 450.
1755 1540 1759 1545 ’

1003 1593 1163 1626 siderum
1185 1594 1243 1627 vis
1265 1595 1303 1627 in
1323 1595 1485 1627 natalem
1508 1594 1600 1629 diem
1622 1594 1715 1629 505.’

1004 1647 1186 1681 Sidoniae
1196 1649 1304 1682 rates
1315 1651 1390 1684 365.
1400 1666 1445 1672 -
1457 1650 1496 1682 S.
1505 1650 1651 1684 ostrum
1662 1651 1737 1684 358.
1772 1650 1775 1654 “

1004 1702 1115 1746 signa
1136 1703 1252 1744 sicca,
1274 1705 1397 1737 sidera
1420 1706 1498 1738 365.
1521 1704 1601 1739 410.

1003 1758 1104 1792 silem
1125 1759 1273 1801 generis
1295 1761 1493 1794 oommunIs
1517 1761 1594 1795 393.
1614 1777 1661 1785 ·—-
1681 1759 1738 1794 eu·-

1048 1814 1135 1847 licis
1156 1823 1276 1848 venae
1299 1816 1376 1849 106.

1002 1870 1160 1912 simplex
1181 1879 1250 1911 pro
1273 1873 1477 1914 composito
1499 1873 1556 1908 54.
1577 1875 1632 1907 55.

1003 1924 1233 1967 simplicitas
1254 1927 1309 1959 86.

1004 1981 1127 2022 simul,
1148 1981 1256 2014 simul
1278 1984 1389 2025 atque
1411 1982 1488 2016 110.
1514 1972 1532 1995 ““

1003 2036 1118 2069 simul
1138 2037 1248 2070 nobis
1270 2040 1348 2072 503.

1003 2093 1201 2125 simulacra
1222 2094 1304 2127 sive
1326 2094 1471 2128 fercula
1494 2093 1533 2127 in
1554 2094 1738 2138 triumpho

1047 2150 1197 2189 portata
1220 2149 1296 2182 356.

1003 2203 1200 2246 singularis
1224 2206 1261 2237 et
1283 2203 1442 2247 pluralis
1461 2203 1646 2238 coniuncti
1662 2205 1738 2238 395.

1049 2259 1125 2292 513.
1174 2257 1259 2291 Vid.
1284 2257 1477 2292 transitio.

1003 2314 1218 2357 sinyultare
1239 2316 1318 2348 273.

1003 2369 1177 2413 sinister,
1210 2372 1354 2405 faustus
1381 2371 1457 2406 115.
1487 2387 1531 2396 --
1558 2371 1738 2406 infaustus

1049 2428 1125 2461 1¹72.

1004 2481 1130 2523 sinite,
1139 2480 1268 2523 feram
1286 2484 1325 2516 et
1345 2481 1469 2526 sinite,
1484 2482 1530 2516 ut
1541 2477 1669 2526 fera'm
1680 2482 1734 2515 53.

1048 2540 1102 2571 33.
1125 2539 1201 2571 257.

1005 2595 1162 2628 Sisenna
1183 2595 1260 2626 205.
1306 2592 1412 2626 conf.
1434 2591 1635 2626 Aristides.

1005 2649 1057 2682 sit
1094 2648 1162 2682 tibi
1199 2650 1309 2682 terra
1330 2648 1435 2691 levis,
1463 2649 1616 2691 sepultis
1644 2647 1738 2681 bene

1051 2705 1225 2747 precandi
1247 2705 1407 2738 formula
1428 2705 1504 2738 259.

1006 2760 1102 2794 situs
1124 2763 1202 2794 336.
1226 2761 1304 2793 510.

1007 2818 1182 2860 Smyrna,
1206 2823 1355 2850 carmen
1376 2817 1453 2849 203.

1008 2871 1132 2905 socius
1155 2870 1309 2914 sanquis
1331 2871 1406 2904 390.
