<?xml version="1.0" encoding="UTF-8"?>
<!DOCTYPE html PUBLIC "-//W3C//DTD XHTML 1.0 Transitional//EN"
    "http://www.w3.org/TR/xhtml1/DTD/xhtml1-transitional.dtd">
<html xmlns="http://www.w3.org/1999/xhtml" xml:lang="en" lang="en">
 <head>
  <title>
</title>
<meta http-equiv="Content-Type" content="text/html;charset=utf-8" />
  <meta name='ocr-system' content='tesseract 3.04.00' />
  <meta name='ocr-capabilities' content='ocr_page ocr_carea ocr_par ocr_line ocrx_word'/>
</head>
<body>
  <div class='ocr_page' id='page_1' title='image "./tristiumlibriqui00oviduoft_0396.png"; bbox 0 0 1846 3146; ppageno 0'>
   <div class='ocr_carea' id='block_1_1' title="bbox 179 192 280 242">
    <p class='ocr_par' dir='ltr' id='par_1_1' title="bbox 179 192 280 242">
     <span class='ocr_line' id='line_1_1' title="bbox 179 192 280 242; baseline 0 -1"><span class='ocrx_word' id='word_1_1' title='bbox 179 192 280 242; x_wconf 83' lang='lat'><strong>358</strong></span> 
     </span>
    </p>
   </div>
   <div class='ocr_carea' id='block_1_2' title="bbox 413 190 1460 245">
    <p class='ocr_par' dir='ltr' id='par_1_2' title="bbox 413 190 1460 245">
     <span class='ocr_line' id='line_1_2' title="bbox 413 190 1460 245; baseline 0.002 -2"><span class='ocrx_word' id='word_1_2' title='bbox 413 192 471 243; x_wconf 91' lang='grc' dir='ltr'><strong>Ρ.</strong></span> <span class='ocrx_word' id='word_1_3' title='bbox 508 190 732 243; x_wconf 90' lang='lat' dir='ltr'><strong>OVIDII</strong></span> <span class='ocrx_word' id='word_1_4' title='bbox 763 190 1081 242; x_wconf 84' lang='lat' dir='ltr'><strong>NASONIS</strong></span> <span class='ocrx_word' id='word_1_5' title='bbox 1117 192 1460 245; x_wconf 81' lang='lat' dir='ltr'><strong>TRISTIUM</strong></span> 
     </span>
    </p>
   </div>
   <div class='ocr_carea' id='block_1_3' title="bbox 180 313 1539 547">
    <p class='ocr_par' dir='ltr' id='par_1_3' title="bbox 180 313 1539 547">
     <span class='ocr_line' id='line_1_3' title="bbox 180 313 1414 380; baseline 0.002 -18"><span class='ocrx_word' id='word_1_6' title='bbox 180 314 330 375; x_wconf 82' lang='lat' dir='ltr'><strong>„Hic‚</strong></span> <span class='ocrx_word' id='word_1_7' title='bbox 366 316 448 379; x_wconf 91' lang='lat' dir='ltr'><strong>qui</strong></span> <span class='ocrx_word' id='word_1_8' title='bbox 483 313 695 364; x_wconf 86' lang='lat' dir='ltr'><strong>Sidonio</strong></span> <span class='ocrx_word' id='word_1_9' title='bbox 730 313 892 380; x_wconf 83' lang='lat' dir='ltr'><strong>fulget</strong></span> <span class='ocrx_word' id='word_1_10' title='bbox 924 313 1144 364; x_wconf 87' lang='lat' dir='ltr'><strong>sublimis</strong></span> <span class='ocrx_word' id='word_1_11' title='bbox 1177 317 1228 364; x_wconf 88' lang='lat' dir='ltr'><strong>in</strong></span> <span class='ocrx_word' id='word_1_12' title='bbox 1262 319 1414 376; x_wconf 83' lang='lat' dir='ltr'><strong>ostr0‚</strong></span> 
     </span>
     <span class='ocr_line' id='line_1_4' title="bbox 246 396 1348 464; baseline 0.001 -19"><span class='ocrx_word' id='word_1_13' title='bbox 246 397 399 457; x_wconf 85' lang='lat' dir='ltr'><strong>„Dux</strong></span> <span class='ocrx_word' id='word_1_14' title='bbox 432 397 594 446; x_wconf 87' lang='lat' dir='ltr'><strong>fuerat</strong></span> <span class='ocrx_word' id='word_1_15' title='bbox 626 396 777 459; x_wconf 82' lang='lat' dir='ltr'><strong>belli;</strong></span> <span class='ocrx_word' id='word_1_16' title='bbox 812 400 1062 464; x_wconf 84' lang='lat' dir='ltr'><strong>proximus</strong></span> <span class='ocrx_word' id='word_1_17' title='bbox 1095 398 1185 447; x_wconf 91' lang='lat' dir='ltr'><strong>ille</strong></span> <span class='ocrx_word' id='word_1_18' title='bbox 1221 397 1348 448; x_wconf 86' lang='lat' dir='ltr'><strong>duci.</strong></span> 
     </span>
     <span class='ocr_line' id='line_1_5' title="bbox 180 476 1539 547; baseline 0.001 -19"><span class='ocrx_word' id='word_1_19' title='bbox 180 479 330 541; x_wconf 82' lang='lat' dir='ltr'><strong>„Hic,</strong></span> <span class='ocrx_word' id='word_1_20' title='bbox 363 476 450 545; x_wconf 74' lang='lat' dir='ltr'><strong>&#39;qui</strong></span> <span class='ocrx_word' id='word_1_21' title='bbox 483 496 613 538; x_wconf 88' lang='lat' dir='ltr'><strong>nunc</strong></span> <span class='ocrx_word' id='word_1_22' title='bbox 646 482 698 530; x_wconf 93' lang='lat' dir='ltr'><strong>in</strong></span> <span class='ocrx_word' id='word_1_23' title='bbox 731 481 874 531; x_wconf 87' lang='lat' dir='ltr'><strong>humo</strong></span> <span class='ocrx_word' id='word_1_24' title='bbox 907 482 1070 531; x_wconf 91' lang='lat' dir='ltr'><strong>lumen</strong></span> <span class='ocrx_word' id='word_1_25' title='bbox 1102 481 1382 530; x_wconf 82' lang='lat' dir='ltr'><strong>miserabile</strong></span> <span class='ocrx_word' id='word_1_26' title='bbox 1415 481 1539 547; x_wconf 80' lang='lat' dir='ltr'><strong>figit,</strong></span> 
     </span>
    </p>
   </div>
   <div class='ocr_carea' id='block_1_4' title="bbox 247 563 1336 625">
    <p class='ocr_par' dir='ltr' id='par_1_4' title="bbox 247 563 1336 625">
     <span class='ocr_line' id='line_1_6' title="bbox 247 563 1336 625; baseline 0.002 -15"><span class='ocrx_word' id='word_1_27' title='bbox 247 563 401 623; x_wconf 85' lang='lat' dir='ltr'><strong>„Non</strong></span> <span class='ocrx_word' id='word_1_28' title='bbox 433 565 532 612; x_wconf 83' lang='lat' dir='ltr'><strong>isto</strong></span> <span class='ocrx_word' id='word_1_29' title='bbox 565 564 724 625; x_wconf 80' lang='lat' dir='ltr'><strong>vultu,</strong></span> <span class='ocrx_word' id='word_1_30' title='bbox 762 581 869 614; x_wconf 91' lang='lat' dir='ltr'><strong>cum</strong></span> <span class='ocrx_word' id='word_1_31' title='bbox 902 564 1014 613; x_wconf 86' lang='lat' dir='ltr'><strong>tulit</strong></span> <span class='ocrx_word' id='word_1_32' title='bbox 1048 582 1194 625; x_wconf 87' lang='lat' dir='ltr'><strong>arma,</strong></span> <span class='ocrx_word' id='word_1_33' title='bbox 1230 564 1336 612; x_wconf 90' lang='lat' dir='ltr'><strong>fuit.</strong></span> 
     </span>
    </p>
   </div>
   <div class='ocr_carea' id='block_1_5' title="bbox 1644 562 1710 613">
    <p class='ocr_par' dir='ltr' id='par_1_5' title="bbox 1644 562 1710 613">
     <span class='ocr_line' id='line_1_7' title="bbox 1644 562 1710 613; baseline 0.015 -1"><span class='ocrx_word' id='word_1_34' title='bbox 1644 562 1710 613; x_wconf 88' lang='grc'><strong>30</strong></span> 
     </span>
    </p>
   </div>
   <div class='ocr_carea' id='block_1_6' title="bbox 178 645 1505 964">
    <p class='ocr_par' dir='ltr' id='par_1_6' title="bbox 178 645 1490 796">
     <span class='ocr_line' id='line_1_8' title="bbox 178 645 1490 707; baseline 0.001 -13"><span class='ocrx_word' id='word_1_35' title='bbox 178 646 312 706; x_wconf 85' lang='lat' dir='ltr'><strong>„Ille</strong></span> <span class='ocrx_word' id='word_1_36' title='bbox 346 647 508 707; x_wconf 79' lang='lat' dir='ltr'><strong>feroX,</strong></span> <span class='ocrx_word' id='word_1_37' title='bbox 545 647 704 696; x_wconf 83' lang='lat' dir='ltr'><strong>oculis</strong></span> <span class='ocrx_word' id='word_1_38' title='bbox 737 653 787 697; x_wconf 91' lang='lat' dir='ltr'><strong>et</strong></span> <span class='ocrx_word' id='word_1_39' title='bbox 820 648 981 698; x_wconf 88' lang='lat' dir='ltr'><strong>adhuc</strong></span> <span class='ocrx_word' id='word_1_40' title='bbox 1014 647 1277 697; x_wconf 89' lang='lat' dir='ltr'><strong>hostilibus</strong></span> <span class='ocrx_word' id='word_1_41' title='bbox 1310 645 1490 695; x_wconf 86' lang='lat' dir='ltr'><strong>ardens</strong></span> 
     </span>
     <span class='ocr_line' id='line_1_9' title="bbox 246 730 1271 796; baseline 0 -18"><span class='ocrx_word' id='word_1_42' title='bbox 246 730 518 790; x_wconf 85' lang='lat' dir='ltr'><strong>„Hortator</strong></span> <span class='ocrx_word' id='word_1_43' title='bbox 550 746 745 796; x_wconf 82' lang='lat' dir='ltr'><strong>pugnae</strong></span> <span class='ocrx_word' id='word_1_44' title='bbox 779 731 1131 795; x_wconf 81' lang='lat' dir='ltr'><strong>consiliumque</strong></span> <span class='ocrx_word' id='word_1_45' title='bbox 1165 730 1271 778; x_wconf 87' lang='lat' dir='ltr'><strong>fuit.</strong></span> 
     </span>
    </p>

    <p class='ocr_par' dir='ltr' id='par_1_7' title="bbox 179 813 1505 964">
     <span class='ocr_line' id='line_1_10' title="bbox 179 813 1505 875; baseline 0 -13"><span class='ocrx_word' id='word_1_46' title='bbox 179 813 442 874; x_wconf 84' lang='lat' dir='ltr'><strong>„Perfidus</strong></span> <span class='ocrx_word' id='word_1_47' title='bbox 475 813 557 863; x_wconf 83' lang='lat' dir='ltr'><strong>hic</strong></span> <span class='ocrx_word' id='word_1_48' title='bbox 591 820 788 865; x_wconf 90' lang='lat' dir='ltr'><strong>nostros</strong></span> <span class='ocrx_word' id='word_1_49' title='bbox 821 815 1021 864; x_wconf 85' lang='lat' dir='ltr'><strong>inclusit</strong></span> <span class='ocrx_word' id='word_1_50' title='bbox 1054 813 1230 875; x_wconf 64' lang='lat' dir='ltr'><strong>fraude</strong></span> <span class='ocrx_word' id='word_1_51' title='bbox 1266 814 1505 874; x_wconf 89' lang='lat' dir='ltr'><strong>locorum,</strong></span> 
     </span>
     <span class='ocr_line' id='line_1_11' title="bbox 245 896 1380 964; baseline -0.002 -18"><span class='ocrx_word' id='word_1_52' title='bbox 245 896 525 963; x_wconf 83' lang='lat' dir='ltr'><strong>„Squalida</strong></span> <span class='ocrx_word' id='word_1_53' title='bbox 560 897 786 947; x_wconf 82' lang='lat' dir='ltr'><strong>demissis</strong></span> <span class='ocrx_word' id='word_1_54' title='bbox 814 901 903 964; x_wconf 65' lang='lat' dir='ltr'><strong>⁴qui</strong></span> <span class='ocrx_word' id='word_1_55' title='bbox 935 900 1061 963; x_wconf 86' lang='lat' dir='ltr'><strong>tegit</strong></span> <span class='ocrx_word' id='word_1_56' title='bbox 1093 913 1181 947; x_wconf 84' lang='lat' dir='ltr'><strong>ora</strong></span> <span class='ocrx_word' id='word_1_57' title='bbox 1216 898 1380 947; x_wconf 87' lang='lat' dir='ltr'><strong>comis.</strong></span> 
     </span>
    </p>
   </div>
   <div class='ocr_carea' id='block_1_7' title="bbox 178 1063 916 1208">
    <p class='ocr_par' dir='ltr' id='par_1_8' title="bbox 178 1063 916 1208">
     <span class='ocr_line' id='line_1_12' title="bbox 178 1063 916 1107; baseline 0.001 -11"><span class='ocrx_word' id='word_1_58' title='bbox 178 1063 340 1096; x_wconf 78' lang='lat' dir='ltr'><strong>Imitetur</strong></span> <span class='ocrx_word' id='word_1_59' title='bbox 370 1063 523 1096; x_wconf 74' lang='lat' dir='ltr'><strong>aIIcuius</strong></span> <span class='ocrx_word' id='word_1_60' title='bbox 556 1072 578 1096; x_wconf 94' lang='lat' dir='ltr'><strong>e</strong></span> <span class='ocrx_word' id='word_1_61' title='bbox 607 1065 767 1107; x_wconf 82' lang='lat' dir='ltr'><strong>populo,</strong></span> <span class='ocrx_word' id='word_1_62' title='bbox 802 1064 916 1107; x_wconf 81' lang='lat' dir='ltr'><strong>digito</strong></span> 
     </span>
     <span class='ocr_line' id='line_1_13' title="bbox 179 1120 915 1163; baseline 0.004 -12"><span class='ocrx_word' id='word_1_63' title='bbox 179 1128 343 1161; x_wconf 87' lang='lat' dir='ltr'><strong>quaeque</strong></span> <span class='ocrx_word' id='word_1_64' title='bbox 377 1120 614 1152; x_wconf 81' lang='lat' dir='ltr'><strong>monstrantis</strong></span> <span class='ocrx_word' id='word_1_65' title='bbox 647 1122 757 1162; x_wconf 81' lang='lat' dir='ltr'><strong>atque</strong></span> <span class='ocrx_word' id='word_1_66' title='bbox 795 1122 915 1163; x_wconf 85' lang='lat' dir='ltr'><strong>expli-</strong></span> 
     </span>
     <span class='ocr_line' id='line_1_14' title="bbox 181 1176 311 1208; baseline -0.015 0"><span class='ocrx_word' id='word_1_67' title='bbox 181 1176 311 1208; x_wconf 84' lang='lat' dir='ltr'><strong>cantis.</strong></span> 
     </span>
    </p>
   </div>
   <div class='ocr_carea' id='block_1_8' title="bbox 175 1262 915 1686">
    <p class='ocr_par' dir='ltr' id='par_1_9' title="bbox 175 1262 915 1686">
     <span class='ocr_line' id='line_1_15' title="bbox 220 1262 913 1305; baseline -0.003 -7"><span class='ocrx_word' id='word_1_68' title='bbox 220 1266 276 1298; x_wconf 88' lang='grc'><strong>27.</strong></span> <span class='ocrx_word' id='word_1_69' title='bbox 309 1263 395 1305; x_wconf 78' lang='lat' dir='ltr'><strong>Hic,</strong></span> <span class='ocrx_word' id='word_1_70' title='bbox 418 1262 492 1305; x_wconf 81' lang='lat' dir='ltr'><strong>qui.</strong></span> <span class='ocrx_word' id='word_1_71' title='bbox 538 1263 708 1297; x_wconf 80' lang='lat' dir='ltr'><strong>Heinsius</strong></span> <span class='ocrx_word' id='word_1_72' title='bbox 735 1271 757 1295; x_wconf 92' lang='lat' dir='ltr'><strong>e</strong></span> <span class='ocrx_word' id='word_1_73' title='bbox 779 1272 913 1297; x_wconf 89' lang='lat' dir='ltr'><strong>corru-</strong></span> 
     </span>
     <span class='ocr_line' id='line_1_16' title="bbox 177 1319 913 1362; baseline -0.001 -9"><span class='ocrx_word' id='word_1_74' title='bbox 177 1323 241 1362; x_wconf 83' lang='lat' dir='ltr'><strong>pta</strong></span> <span class='ocrx_word' id='word_1_75' title='bbox 264 1321 411 1354; x_wconf 89' lang='lat' dir='ltr'><strong>Medon.</strong></span> <span class='ocrx_word' id='word_1_76' title='bbox 439 1319 627 1360; x_wconf 75' lang='lat' dir='ltr'><strong>scriptura</strong></span> <span class='ocrx_word' id='word_1_77' title='bbox 653 1319 688 1352; x_wconf 78' lang='lat' dir='ltr'><strong>it</strong></span> <span class='ocrx_word' id='word_1_78' title='bbox 708 1319 788 1362; x_wconf 78' lang='lat' dir='ltr'><strong>qui,</strong></span> <span class='ocrx_word' id='word_1_79' title='bbox 816 1321 850 1352; x_wconf 83' lang='lat' dir='ltr'><strong>h.</strong></span> <span class='ocrx_word' id='word_1_80' title='bbox 881 1328 913 1352; x_wconf 83' lang='lat' dir='ltr'><strong>e.</strong></span> 
     </span>
     <span class='ocr_line' id='line_1_17' title="bbox 176 1374 913 1416; baseline 0.003 -10"><span class='ocrx_word' id='word_1_81' title='bbox 176 1375 257 1407; x_wconf 88' lang='lat' dir='ltr'><strong>sine</strong></span> <span class='ocrx_word' id='word_1_82' title='bbox 281 1374 379 1407; x_wconf 90' lang='lat' dir='ltr'><strong>omni</strong></span> <span class='ocrx_word' id='word_1_83' title='bbox 401 1376 623 1408; x_wconf 83' lang='lat' dir='ltr'><strong>auctoritate</strong></span> <span class='ocrx_word' id='word_1_84' title='bbox 643 1375 820 1408; x_wconf 87' lang='lat' dir='ltr'><strong>librorum</strong></span> <span class='ocrx_word' id='word_1_85' title='bbox 834 1376 913 1416; x_wconf 83' lang='lat' dir='ltr'><strong>pri-</strong></span> 
     </span>
     <span class='ocr_line' id='line_1_18' title="bbox 177 1430 913 1473; baseline 0.001 -11"><span class='ocrx_word' id='word_1_86' title='bbox 177 1439 255 1462; x_wconf 89' lang='lat' dir='ltr'><strong>mus</strong></span> <span class='ocrx_word' id='word_1_87' title='bbox 279 1431 430 1471; x_wconf 78' lang='lat' dir='ltr'><strong>scripsit</strong></span> <span class='ocrx_word' id='word_1_88' title='bbox 451 1430 485 1462; x_wconf 85' lang='lat' dir='ltr'><strong>is</strong></span> <span class='ocrx_word' id='word_1_89' title='bbox 509 1431 584 1473; x_wconf 79' lang='lat' dir='ltr'><strong>qui,</strong></span> <span class='ocrx_word' id='word_1_90' title='bbox 602 1432 697 1471; x_wconf 88' lang='lat' dir='ltr'><strong>quod</strong></span> <span class='ocrx_word' id='word_1_91' title='bbox 715 1431 857 1463; x_wconf 82' lang='lat' dir='ltr'><strong>etiamsi</strong></span> <span class='ocrx_word' id='word_1_92' title='bbox 870 1439 913 1463; x_wconf 91' lang='lat' dir='ltr'><strong>e-</strong></span> 
     </span>
     <span class='ocr_line' id='line_1_19' title="bbox 176 1485 915 1528; baseline 0.001 -11"><span class='ocrx_word' id='word_1_93' title='bbox 176 1485 361 1527; x_wconf 85' lang='lat' dir='ltr'><strong>legantius</strong></span> <span class='ocrx_word' id='word_1_94' title='bbox 373 1487 544 1520; x_wconf 85' lang='lat' dir='ltr'><strong>videatur</strong></span> <span class='ocrx_word' id='word_1_95' title='bbox 566 1490 720 1528; x_wconf 84' lang='lat' dir='ltr'><strong>propter</strong></span> <span class='ocrx_word' id='word_1_96' title='bbox 744 1494 803 1528; x_wconf 84' lang='lat' dir='ltr'><strong>ea,</strong></span> <span class='ocrx_word' id='word_1_97' title='bbox 823 1494 915 1527; x_wconf 85' lang='lat' dir='ltr'><strong>quae</strong></span> 
     </span>
     <span class='ocr_line' id='line_1_20' title="bbox 177 1542 914 1585; baseline 0.001 -12"><span class='ocrx_word' id='word_1_98' title='bbox 177 1551 213 1574; x_wconf 86' lang='lat' dir='ltr'><strong>v.</strong></span> <span class='ocrx_word' id='word_1_99' title='bbox 235 1543 290 1574; x_wconf 81' lang='lat'><strong>29.</strong></span> <span class='ocrx_word' id='word_1_100' title='bbox 313 1547 527 1585; x_wconf 82' lang='lat' dir='ltr'><strong>sequuntur,</strong></span> <span class='ocrx_word' id='word_1_101' title='bbox 549 1546 669 1575; x_wconf 85' lang='lat' dir='ltr'><strong>tamen</strong></span> <span class='ocrx_word' id='word_1_102' title='bbox 686 1551 791 1583; x_wconf 87' lang='lat' dir='ltr'><strong>quum</strong></span> <span class='ocrx_word' id='word_1_103' title='bbox 812 1542 914 1575; x_wconf 90' lang='lat' dir='ltr'><strong>nullo</strong></span> 
     </span>
     <span class='ocr_line' id='line_1_21' title="bbox 175 1597 915 1640; baseline 0.001 -11"><span class='ocrx_word' id='word_1_104' title='bbox 175 1597 273 1630; x_wconf 88' lang='lat' dir='ltr'><strong>libro</strong></span> <span class='ocrx_word' id='word_1_105' title='bbox 299 1599 558 1640; x_wconf 75' lang='lat' dir='ltr'><strong>confirmetur,</strong></span> <span class='ocrx_word' id='word_1_106' title='bbox 580 1597 743 1629; x_wconf 87' lang='lat' dir='ltr'><strong>retinere</strong></span> <span class='ocrx_word' id='word_1_107' title='bbox 768 1606 843 1630; x_wconf 88' lang='lat' dir='ltr'><strong>non</strong></span> <span class='ocrx_word' id='word_1_108' title='bbox 864 1598 915 1630; x_wconf 91' lang='lat' dir='ltr'><strong>li-</strong></span> 
     </span>
     <span class='ocr_line' id='line_1_22' title="bbox 178 1656 249 1686; baseline -0.014 0"><span class='ocrx_word' id='word_1_109' title='bbox 178 1656 249 1686; x_wconf 84' lang='lat' dir='ltr'><strong>cet.</strong></span> 
     </span>
    </p>
   </div>
   <div class='ocr_carea' id='block_1_9' title="bbox 173 1718 916 2929">
    <p class='ocr_par' dir='ltr' id='par_1_10' title="bbox 173 1718 916 2929">
     <span class='ocr_line' id='line_1_23' title="bbox 221 1718 915 1763; baseline 0 -11"><span class='ocrx_word' id='word_1_110' title='bbox 221 1719 391 1754; x_wconf 81' lang='lat' dir='ltr'><strong>Sidonio.</strong></span> <span class='ocrx_word' id='word_1_111' title='bbox 437 1718 611 1763; x_wconf 82' lang='lat' dir='ltr'><strong>Quamvis</strong></span> <span class='ocrx_word' id='word_1_112' title='bbox 633 1719 768 1761; x_wconf 70' lang='lat' dir='ltr'><strong>poetae</strong></span> <span class='ocrx_word' id='word_1_113' title='bbox 790 1722 915 1752; x_wconf 83' lang='lat' dir='ltr'><strong>aetate</strong></span> 
     </span>
     <span class='ocr_line' id='line_1_24' title="bbox 176 1776 914 1819; baseline 0 -11"><span class='ocrx_word' id='word_1_114' title='bbox 176 1785 343 1818; x_wconf 83' lang='lat' dir='ltr'><strong>purpura</strong></span> <span class='ocrx_word' id='word_1_115' title='bbox 366 1779 464 1808; x_wconf 82' lang='lat' dir='ltr'><strong>esset</strong></span> <span class='ocrx_word' id='word_1_116' title='bbox 486 1776 686 1809; x_wconf 80' lang='lat' dir='ltr'><strong>Tarentina</strong></span> <span class='ocrx_word' id='word_1_117' title='bbox 716 1777 765 1818; x_wconf 89' lang='grc' dir='ltr'><strong>(Ι,</strong></span> <span class='ocrx_word' id='word_1_118' title='bbox 789 1776 824 1818; x_wconf 84' lang='grc'><strong>1,</strong></span> <span class='ocrx_word' id='word_1_119' title='bbox 848 1778 914 1819; x_wconf 84' lang='grc'><strong>5.),</strong></span> 
     </span>
     <span class='ocr_line' id='line_1_25' title="bbox 178 1831 913 1868; baseline -0.003 -4"><span class='ocrx_word' id='word_1_120' title='bbox 178 1835 299 1865; x_wconf 86' lang='lat' dir='ltr'><strong>tamen</strong></span> <span class='ocrx_word' id='word_1_121' title='bbox 321 1831 482 1864; x_wconf 81' lang='lat' dir='ltr'><strong>Sidonia</strong></span> <span class='ocrx_word' id='word_1_122' title='bbox 503 1831 583 1863; x_wconf 82' lang='lat' dir='ltr'><strong>sive</strong></span> <span class='ocrx_word' id='word_1_123' title='bbox 602 1831 796 1862; x_wconf 82' lang='lat' dir='ltr'><strong>Phoenicia</strong></span> <span class='ocrx_word' id='word_1_124' title='bbox 815 1833 913 1868; x_wconf 86' lang='lat' dir='ltr'><strong>(nam</strong></span> 
     </span>
     <span class='ocr_line' id='line_1_26' title="bbox 177 1867 914 1922; baseline -0.007 0"><span class='ocrx_word' id='word_1_125' title='bbox 177 1889 292 1922; x_wconf 85' lang='lat' dir='ltr'><strong>Sidon</strong></span> <span class='ocrx_word' id='word_1_126' title='bbox 317 1890 397 1921; x_wconf 86' lang='lat' dir='ltr'><strong>erat</strong></span> <span class='ocrx_word' id='word_1_127' title='bbox 420 1887 576 1918; x_wconf 84' lang='lat' dir='ltr'><strong>maxima</strong></span> <span class='ocrx_word' id='word_1_128' title='bbox 598 1895 642 1919; x_wconf 84' lang='lat' dir='ltr'><strong>ac</strong></span> <span class='ocrx_word' id='word_1_129' title='bbox 668 1867 914 1918; x_wconf 47' lang='lat' dir='ltr'><strong>vetustissima</strong></span> 
     </span>
     <span class='ocr_line' id='line_1_27' title="bbox 177 1943 912 1983; baseline -0.001 -8"><span class='ocrx_word' id='word_1_130' title='bbox 177 1944 264 1975; x_wconf 92' lang='lat' dir='ltr'><strong>urbs</strong></span> <span class='ocrx_word' id='word_1_131' title='bbox 287 1943 504 1975; x_wconf 82' lang='lat' dir='ltr'><strong>Phoeniciae</strong></span> <span class='ocrx_word' id='word_1_132' title='bbox 527 1951 606 1974; x_wconf 88' lang='lat' dir='ltr'><strong>cum</strong></span> <span class='ocrx_word' id='word_1_133' title='bbox 632 1943 768 1983; x_wconf 81' lang='lat' dir='ltr'><strong>optimo</strong></span> <span class='ocrx_word' id='word_1_134' title='bbox 791 1944 912 1983; x_wconf 86' lang='lat' dir='ltr'><strong>portu.</strong></span> 
     </span>
     <span class='ocr_line' id='line_1_28' title="bbox 177 1996 912 2045; baseline -0.004 -14"><span class='ocrx_word' id='word_1_135' title='bbox 177 1998 313 2045; x_wconf 67' lang='lat' dir='ltr'><strong>Strabo</strong></span> <span class='ocrx_word' id='word_1_136' title='bbox 343 1998 439 2030; x_wconf 85' lang='lat' dir='ltr'><strong>XVI.</strong></span> <span class='ocrx_word' id='word_1_137' title='bbox 471 2007 506 2038; x_wconf 88' lang='lat' dir='ltr'><strong>p.</strong></span> <span class='ocrx_word' id='word_1_138' title='bbox 545 1996 645 2034; x_wconf 82' lang='grc'><strong>520.)</strong></span> <span class='ocrx_word' id='word_1_139' title='bbox 683 2000 765 2029; x_wconf 79' lang='lat' dir='ltr'><strong>erat</strong></span> <span class='ocrx_word' id='word_1_140' title='bbox 799 1997 912 2028; x_wconf 85' lang='lat' dir='ltr'><strong>multo</strong></span> 
     </span>
     <span class='ocr_line' id='line_1_29' title="bbox 178 2053 913 2096; baseline -0.003 -10"><span class='ocrx_word' id='word_1_141' title='bbox 178 2054 391 2096; x_wconf 85' lang='lat' dir='ltr'><strong>pretiosior,</strong></span> <span class='ocrx_word' id='word_1_142' title='bbox 404 2054 448 2084; x_wconf 89' lang='lat' dir='ltr'><strong>de</strong></span> <span class='ocrx_word' id='word_1_143' title='bbox 465 2062 534 2094; x_wconf 87' lang='lat' dir='ltr'><strong>qua</strong></span> <span class='ocrx_word' id='word_1_144' title='bbox 550 2054 620 2086; x_wconf 90' lang='lat' dir='ltr'><strong>vid.</strong></span> <span class='ocrx_word' id='word_1_145' title='bbox 635 2053 725 2085; x_wconf 90' lang='lat' dir='ltr'><strong>Plin.</strong></span> <span class='ocrx_word' id='word_1_146' title='bbox 738 2054 782 2085; x_wconf 90' lang='lat' dir='ltr'><strong>N.</strong></span> <span class='ocrx_word' id='word_1_147' title='bbox 796 2054 838 2084; x_wconf 89' lang='grc' dir='ltr'><strong>Η.</strong></span> <span class='ocrx_word' id='word_1_148' title='bbox 851 2053 913 2084; x_wconf 85' lang='lat' dir='ltr'><strong>IX.</strong></span> 
     </span>
     <span class='ocr_line' id='line_1_30' title="bbox 177 2107 913 2149; baseline -0.003 -8"><span class='ocrx_word' id='word_1_149' title='bbox 177 2118 209 2142; x_wconf 90' lang='lat' dir='ltr'><strong>c.</strong></span> <span class='ocrx_word' id='word_1_150' title='bbox 233 2110 287 2141; x_wconf 73' lang='lat'><strong>36.</strong></span> <span class='ocrx_word' id='word_1_151' title='bbox 311 2111 348 2141; x_wconf 88' lang='lat' dir='ltr'><strong>et</strong></span> <span class='ocrx_word' id='word_1_152' title='bbox 371 2110 424 2141; x_wconf 88' lang='lat'><strong>39.</strong></span> <span class='ocrx_word' id='word_1_153' title='bbox 444 2111 481 2140; x_wconf 81' lang='lat' dir='ltr'><strong>et</strong></span> <span class='ocrx_word' id='word_1_154' title='bbox 493 2110 630 2140; x_wconf 81' lang='lat' dir='ltr'><strong>Lucan.</strong></span> <span class='ocrx_word' id='word_1_155' title='bbox 643 2110 713 2149; x_wconf 91' lang='lat'>111,</span> <span class='ocrx_word' id='word_1_156' title='bbox 736 2108 812 2139; x_wconf 88' lang='grc'><strong>217.</strong></span> <span class='ocrx_word' id='word_1_157' title='bbox 861 2107 913 2140; x_wconf 91' lang='lat'><strong>0-</strong></span> 
     </span>
     <span class='ocr_line' id='line_1_31' title="bbox 176 2164 914 2206; baseline 0 -10"><span class='ocrx_word' id='word_1_158' title='bbox 176 2165 313 2205; x_wconf 85' lang='lat' dir='ltr'><strong>strum,</strong></span> <span class='ocrx_word' id='word_1_159' title='bbox 324 2164 446 2205; x_wconf 89' lang='lat' dir='ltr'><strong>liquor</strong></span> <span class='ocrx_word' id='word_1_160' title='bbox 460 2166 680 2206; x_wconf 85' lang='lat' dir='ltr'><strong>ostrearum,</strong></span> <span class='ocrx_word' id='word_1_161' title='bbox 703 2165 798 2196; x_wconf 87' lang='lat' dir='ltr'><strong>unde</strong></span> <span class='ocrx_word' id='word_1_162' title='bbox 821 2173 914 2205; x_wconf 86' lang='lat' dir='ltr'><strong>pur-</strong></span> 
     </span>
     <span class='ocr_line' id='line_1_32' title="bbox 177 2220 914 2262; baseline -0.003 -10"><span class='ocrx_word' id='word_1_163' title='bbox 177 2227 313 2262; x_wconf 85' lang='lat' dir='ltr'><strong>pureus</strong></span> <span class='ocrx_word' id='word_1_164' title='bbox 344 2221 450 2252; x_wconf 88' lang='lat' dir='ltr'><strong>color</strong></span> <span class='ocrx_word' id='word_1_165' title='bbox 472 2220 523 2252; x_wconf 77' lang='lat' dir='ltr'><strong>fit.</strong></span> <span class='ocrx_word' id='word_1_166' title='bbox 576 2221 632 2252; x_wconf 83' lang='lat' dir='ltr'><strong>De</strong></span> <span class='ocrx_word' id='word_1_167' title='bbox 662 2227 764 2251; x_wconf 85' lang='lat' dir='ltr'><strong>more</strong></span> <span class='ocrx_word' id='word_1_168' title='bbox 793 2221 914 2251; x_wconf 78' lang='lat' dir='ltr'><strong>autem</strong></span> 
     </span>
     <span class='ocr_line' id='line_1_33' title="bbox 178 2275 913 2316; baseline 0.001 -9"><span class='ocrx_word' id='word_1_169' title='bbox 178 2277 308 2316; x_wconf 78' lang='lat' dir='ltr'><strong>captos</strong></span> <span class='ocrx_word' id='word_1_170' title='bbox 338 2275 493 2308; x_wconf 85' lang='lat' dir='ltr'><strong>hostium</strong></span> <span class='ocrx_word' id='word_1_171' title='bbox 524 2277 635 2307; x_wconf 89' lang='lat' dir='ltr'><strong>duces</strong></span> <span class='ocrx_word' id='word_1_172' title='bbox 673 2275 710 2307; x_wconf 90' lang='lat' dir='ltr'><strong>in</strong></span> <span class='ocrx_word' id='word_1_173' title='bbox 735 2275 913 2316; x_wconf 86' lang='lat' dir='ltr'><strong>triumpho</strong></span> 
     </span>
     <span class='ocr_line' id='line_1_34' title="bbox 179 2331 913 2364; baseline 0.003 -2"><span class='ocrx_word' id='word_1_174' title='bbox 179 2332 333 2364; x_wconf 84' lang='lat' dir='ltr'><strong>ducendi</strong></span> <span class='ocrx_word' id='word_1_175' title='bbox 363 2334 400 2364; x_wconf 81' lang='lat' dir='ltr'><strong>et</strong></span> <span class='ocrx_word' id='word_1_176' title='bbox 428 2333 508 2364; x_wconf 83' lang='lat' dir='ltr'><strong>fato</strong></span> <span class='ocrx_word' id='word_1_177' title='bbox 541 2339 668 2363; x_wconf 88' lang='lat' dir='ltr'><strong>eorum</strong></span> <span class='ocrx_word' id='word_1_178' title='bbox 697 2331 773 2364; x_wconf 87' lang='lat' dir='ltr'><strong>Cic.</strong></span> <span class='ocrx_word' id='word_1_179' title='bbox 803 2333 913 2364; x_wconf 89' lang='lat' dir='ltr'><strong>Verr.</strong></span> 
     </span>
     <span class='ocr_line' id='line_1_35' title="bbox 178 2385 915 2428; baseline 0 -9"><span class='ocrx_word' id='word_1_180' title='bbox 178 2385 227 2419; x_wconf 89' lang='lat' dir='ltr'><strong>V.</strong></span> <span class='ocrx_word' id='word_1_181' title='bbox 240 2395 271 2419; x_wconf 87' lang='lat' dir='ltr'><strong>c.</strong></span> <span class='ocrx_word' id='word_1_182' title='bbox 291 2388 345 2419; x_wconf 87' lang='grc'><strong>30.</strong></span> <span class='ocrx_word' id='word_1_183' title='bbox 391 2386 442 2419; x_wconf 83' lang='lat' dir='ltr'><strong>At</strong></span> <span class='ocrx_word' id='word_1_184' title='bbox 459 2386 573 2420; x_wconf 80' lang='lat' dir='ltr'><strong>etiam</strong></span> <span class='ocrx_word' id='word_1_185' title='bbox 592 2385 655 2428; x_wconf 78' lang='lat' dir='ltr'><strong>qui</strong></span> <span class='ocrx_word' id='word_1_186' title='bbox 676 2386 915 2428; x_wconf 79' lang='lat' dir='ltr'><strong>triumphant</strong></span> 
     </span>
     <span class='ocr_line' id='line_1_36' title="bbox 177 2441 913 2483; baseline 0.003 -10"><span class='ocrx_word' id='word_1_187' title='bbox 177 2449 293 2483; x_wconf 82' lang='lat' dir='ltr'><strong>eoque</strong></span> <span class='ocrx_word' id='word_1_188' title='bbox 315 2441 456 2474; x_wconf 75' lang='lat' dir='ltr'><strong>diutins</strong></span> <span class='ocrx_word' id='word_1_189' title='bbox 479 2441 584 2474; x_wconf 71' lang='lat' dir='ltr'><strong>vivos</strong></span> <span class='ocrx_word' id='word_1_190' title='bbox 608 2441 770 2474; x_wconf 74' lang='lat' dir='ltr'><strong>hostium</strong></span> <span class='ocrx_word' id='word_1_191' title='bbox 800 2443 913 2475; x_wconf 80' lang='lat' dir='ltr'><strong>duces</strong></span> 
     </span>
     <span class='ocr_line' id='line_1_37' title="bbox 176 2497 912 2541; baseline 0.001 -13"><span class='ocrx_word' id='word_1_192' title='bbox 176 2498 347 2539; x_wconf 80' lang='lat' dir='ltr'><strong>servant,</strong></span> <span class='ocrx_word' id='word_1_193' title='bbox 359 2498 402 2529; x_wconf 85' lang='lat' dir='ltr'><strong>ut</strong></span> <span class='ocrx_word' id='word_1_194' title='bbox 418 2497 476 2530; x_wconf 79' lang='lat' dir='ltr'><strong>his</strong></span> <span class='ocrx_word' id='word_1_195' title='bbox 492 2506 566 2541; x_wconf 66' lang='lat' dir='ltr'><strong>per</strong></span> <span class='ocrx_word' id='word_1_196' title='bbox 584 2497 816 2537; x_wconf 78' lang='lat' dir='ltr'><strong>triumphum</strong></span> <span class='ocrx_word' id='word_1_197' title='bbox 838 2497 912 2529; x_wconf 84' lang='lat' dir='ltr'><strong>du-</strong></span> 
     </span>
     <span class='ocr_line' id='line_1_38' title="bbox 177 2551 914 2594; baseline 0.001 -11"><span class='ocrx_word' id='word_1_198' title='bbox 177 2551 249 2584; x_wconf 79' lang='lat' dir='ltr'><strong>ctis</strong></span> <span class='ocrx_word' id='word_1_199' title='bbox 299 2553 602 2593; x_wconf 79' lang='lat' dir='ltr'><strong>pulcherrimum</strong></span> <span class='ocrx_word' id='word_1_200' title='bbox 655 2553 914 2594; x_wconf 76' lang='lat' dir='ltr'><strong>spectaculum</strong></span> 
     </span>
     <span class='ocr_line' id='line_1_39' title="bbox 174 2608 913 2651; baseline -0.001 -10"><span class='ocrx_word' id='word_1_201' title='bbox 174 2608 420 2651; x_wconf 78' lang='lat' dir='ltr'><strong>fructumque</strong></span> <span class='ocrx_word' id='word_1_202' title='bbox 434 2608 620 2641; x_wconf 78' lang='lat' dir='ltr'><strong>victoriae</strong></span> <span class='ocrx_word' id='word_1_203' title='bbox 631 2609 798 2650; x_wconf 79' lang='lat' dir='ltr'><strong>populus</strong></span> <span class='ocrx_word' id='word_1_204' title='bbox 806 2608 913 2641; x_wconf 85' lang='lat' dir='ltr'><strong>Rom.</strong></span> 
     </span>
     <span class='ocr_line' id='line_1_40' title="bbox 174 2664 912 2706; baseline -0.003 -9"><span class='ocrx_word' id='word_1_205' title='bbox 174 2664 378 2706; x_wconf 74' lang='lat' dir='ltr'><strong>percipere</strong></span> <span class='ocrx_word' id='word_1_206' title='bbox 397 2664 539 2705; x_wconf 76' lang='lat' dir='ltr'><strong>possit:</strong></span> <span class='ocrx_word' id='word_1_207' title='bbox 575 2665 700 2696; x_wconf 85' lang='lat' dir='ltr'><strong>tamen</strong></span> <span class='ocrx_word' id='word_1_208' title='bbox 731 2672 843 2705; x_wconf 83' lang='lat' dir='ltr'><strong>quum</strong></span> <span class='ocrx_word' id='word_1_209' title='bbox 866 2664 912 2695; x_wconf 87' lang='lat' dir='ltr'><strong>de</strong></span> 
     </span>
     <span class='ocr_line' id='line_1_41' title="bbox 173 2718 915 2763; baseline -0.003 -12"><span class='ocrx_word' id='word_1_210' title='bbox 173 2720 266 2763; x_wconf 80' lang='lat' dir='ltr'><strong>foro</strong></span> <span class='ocrx_word' id='word_1_211' title='bbox 277 2719 327 2751; x_wconf 63' lang='grc' dir='ltr'><strong>αἰι</strong></span> <span class='ocrx_word' id='word_1_212' title='bbox 348 2721 569 2761; x_wconf 73' lang='lat' dir='ltr'><strong>capitolium</strong></span> <span class='ocrx_word' id='word_1_213' title='bbox 587 2727 747 2753; x_wconf 80' lang='lat' dir='ltr'><strong>currum</strong></span> <span class='ocrx_word' id='word_1_214' title='bbox 761 2718 915 2760; x_wconf 79' lang='lat' dir='ltr'><strong>flectere</strong></span> 
     </span>
     <span class='ocr_line' id='line_1_42' title="bbox 175 2773 913 2817; baseline -0.001 -10"><span class='ocrx_word' id='word_1_215' title='bbox 175 2775 377 2817; x_wconf 75' lang='lat' dir='ltr'><strong>incipiunt,</strong></span> <span class='ocrx_word' id='word_1_216' title='bbox 390 2776 480 2808; x_wconf 78' lang='lat' dir='ltr'><strong>illos</strong></span> <span class='ocrx_word' id='word_1_217' title='bbox 492 2776 578 2809; x_wconf 81' lang='lat' dir='ltr'><strong>duci</strong></span> <span class='ocrx_word' id='word_1_218' title='bbox 591 2776 628 2808; x_wconf 81' lang='lat' dir='ltr'><strong>in</strong></span> <span class='ocrx_word' id='word_1_219' title='bbox 643 2783 840 2809; x_wconf 84' lang='lat' dir='ltr'><strong>carcerem</strong></span> <span class='ocrx_word' id='word_1_220' title='bbox 851 2773 913 2806; x_wconf 78' lang='lat' dir='ltr'><strong>iu-</strong></span> 
     </span>
     <span class='ocr_line' id='line_1_43' title="bbox 177 2829 914 2873; baseline -0.001 -11"><span class='ocrx_word' id='word_1_221' title='bbox 177 2830 281 2872; x_wconf 80' lang='lat' dir='ltr'><strong>bent,</strong></span> <span class='ocrx_word' id='word_1_222' title='bbox 311 2830 480 2873; x_wconf 78' lang='lat' dir='ltr'><strong>idemque</strong></span> <span class='ocrx_word' id='word_1_223' title='bbox 511 2831 593 2864; x_wconf 85' lang='lat' dir='ltr'><strong>dies</strong></span> <span class='ocrx_word' id='word_1_224' title='bbox 633 2832 671 2864; x_wconf 89' lang='lat' dir='ltr'><strong>et</strong></span> <span class='ocrx_word' id='word_1_225' title='bbox 705 2829 914 2863; x_wconf 76' lang='lat' dir='ltr'><strong>victoribus</strong></span> 
     </span>
     <span class='ocr_line' id='line_1_44' title="bbox 175 2884 916 2929; baseline -0.001 -10"><span class='ocrx_word' id='word_1_226' title='bbox 175 2885 330 2928; x_wconf 77' lang='lat' dir='ltr'><strong>imperii</strong></span> <span class='ocrx_word' id='word_1_227' title='bbox 353 2887 391 2919; x_wconf 88' lang='lat' dir='ltr'><strong>et</strong></span> <span class='ocrx_word' id='word_1_228' title='bbox 412 2885 523 2919; x_wconf 76' lang='lat' dir='ltr'><strong>victis</strong></span> <span class='ocrx_word' id='word_1_229' title='bbox 541 2885 654 2928; x_wconf 77' lang='lat' dir='ltr'><strong>linem</strong></span> <span class='ocrx_word' id='word_1_230' title='bbox 677 2885 780 2919; x_wconf 82' lang='lat' dir='ltr'><strong>vitae</strong></span> <span class='ocrx_word' id='word_1_231' title='bbox 798 2884 916 2929; x_wconf 53' lang='lat' dir='ltr'><strong>facit.x</strong></span> 
     </span>
    </p>
   </div>
   <div class='ocr_carea' id='block_1_10' title="bbox 982 1061 1710 1163">
    <p class='ocr_par' dir='ltr' id='par_1_11' title="bbox 982 1061 1710 1163">
     <span class='ocr_line' id='line_1_45' title="bbox 982 1061 1710 1097; baseline -0.003 0"><span class='ocrx_word' id='word_1_232' title='bbox 982 1066 1089 1097; x_wconf 88' lang='lat' dir='ltr'><strong>Bern.</strong></span> <span class='ocrx_word' id='word_1_233' title='bbox 1118 1062 1180 1096; x_wconf 76' lang='lat' dir='ltr'><strong>hic</strong></span> <span class='ocrx_word' id='word_1_234' title='bbox 1201 1063 1310 1095; x_wconf 81' lang='lat' dir='ltr'><strong>homo</strong></span> <span class='ocrx_word' id='word_1_235' title='bbox 1331 1061 1497 1095; x_wconf 76' lang='lat' dir='ltr'><strong>Sidonio.</strong></span> <span class='ocrx_word' id='word_1_236' title='bbox 1519 1078 1566 1087; x_wconf 88' lang='lat'><strong>—--</strong></span> <span class='ocrx_word' id='word_1_237' title='bbox 1585 1063 1631 1096; x_wconf 89' lang='lat' dir='ltr'><strong>V.</strong></span> <span class='ocrx_word' id='word_1_238' title='bbox 1655 1064 1710 1097; x_wconf 83' lang='grc'><strong>28.</strong></span> 
     </span>
     <span class='ocr_line' id='line_1_46' title="bbox 982 1118 1661 1163; baseline -0.003 -10"><span class='ocrx_word' id='word_1_239' title='bbox 982 1122 1087 1154; x_wconf 82' lang='lat' dir='ltr'><strong>serv.</strong></span> <span class='ocrx_word' id='word_1_240' title='bbox 1107 1118 1240 1163; x_wconf 79' lang='lat' dir='ltr'><strong>fuerit.</strong></span> <span class='ocrx_word' id='word_1_241' title='bbox 1285 1119 1391 1153; x_wconf 81' lang='lat' dir='ltr'><strong>Conf.</strong></span> <span class='ocrx_word' id='word_1_242' title='bbox 1413 1120 1481 1162; x_wconf 87' lang='lat' dir='ltr'><strong>IV,</strong></span> <span class='ocrx_word' id='word_1_243' title='bbox 1504 1119 1540 1162; x_wconf 69' lang='lat'><strong>4,</strong></span> <span class='ocrx_word' id='word_1_244' title='bbox 1562 1119 1617 1151; x_wconf 75' lang='lat'><strong>24.</strong></span> <span class='ocrx_word' id='word_1_245' title='bbox 1656 1118 1661 1125; x_wconf 87' lang='lat'><strong><em>¹</em></strong></span> 
     </span>
    </p>
   </div>
   <div class='ocr_carea' id='block_1_11' title="bbox 977 1196 1715 1572">
    <p class='ocr_par' dir='ltr' id='par_1_12' title="bbox 977 1196 1715 1572">
     <span class='ocr_line' id='line_1_47' title="bbox 1024 1196 1713 1239; baseline -0.001 -10"><span class='ocrx_word' id='word_1_246' title='bbox 1024 1198 1079 1230; x_wconf 83' lang='lat'><strong>29.</strong></span> <span class='ocrx_word' id='word_1_247' title='bbox 1113 1196 1229 1238; x_wconf 71' lang='lat' dir='ltr'><strong>Fiqie.</strong></span> <span class='ocrx_word' id='word_1_248' title='bbox 1280 1198 1338 1230; x_wconf 82' lang='lat' dir='ltr'><strong>Ita</strong></span> <span class='ocrx_word' id='word_1_249' title='bbox 1359 1198 1438 1230; x_wconf 88' lang='lat' dir='ltr'><strong>Pal.</strong></span> <span class='ocrx_word' id='word_1_250' title='bbox 1462 1196 1508 1239; x_wconf 90' lang='lat'><strong>1.‚</strong></span> <span class='ocrx_word' id='word_1_251' title='bbox 1537 1197 1631 1239; x_wconf 71' lang='lat' dir='ltr'><strong>Put.5</strong></span> <span class='ocrx_word' id='word_1_252' title='bbox 1662 1198 1713 1228; x_wconf 84' lang='lat' dir='ltr'><strong>lx</strong></span> 
     </span>
     <span class='ocr_line' id='line_1_48' title="bbox 979 1252 1712 1296; baseline -0.001 -12"><span class='ocrx_word' id='word_1_253' title='bbox 979 1253 1043 1284; x_wconf 80' lang='lat' dir='ltr'><strong>alii</strong></span> <span class='ocrx_word' id='word_1_254' title='bbox 1065 1254 1212 1296; x_wconf 62' lang='lat' dir='ltr'><strong>Heius„</strong></span> <span class='ocrx_word' id='word_1_255' title='bbox 1241 1254 1347 1285; x_wconf 85' lang='lat' dir='ltr'><strong>Bern.</strong></span> <span class='ocrx_word' id='word_1_256' title='bbox 1379 1255 1416 1285; x_wconf 91' lang='lat' dir='ltr'><strong>et</strong></span> <span class='ocrx_word' id='word_1_257' title='bbox 1445 1252 1525 1285; x_wconf 77' lang='lat' dir='ltr'><strong>Bel.</strong></span> <span class='ocrx_word' id='word_1_258' title='bbox 1555 1268 1601 1275; x_wconf 88' lang='lat'><strong>—-</strong></span> <span class='ocrx_word' id='word_1_259' title='bbox 1628 1252 1712 1293; x_wconf 80' lang='lat' dir='ltr'><strong>seg.</strong></span> 
     </span>
     <span class='ocr_line' id='line_1_49' title="bbox 977 1305 1713 1351; baseline -0.001 -13"><span class='ocrx_word' id='word_1_260' title='bbox 977 1306 1098 1349; x_wconf 77' lang='lat' dir='ltr'><strong>ponit,</strong></span> <span class='ocrx_word' id='word_1_261' title='bbox 1127 1317 1196 1349; x_wconf 85' lang='lat' dir='ltr'><strong>pro</strong></span> <span class='ocrx_word' id='word_1_262' title='bbox 1226 1318 1263 1341; x_wconf 85' lang='lat' dir='ltr'><strong>v.</strong></span> <span class='ocrx_word' id='word_1_263' title='bbox 1292 1317 1365 1342; x_wconf 89' lang='lat' dir='ltr'><strong>scr.</strong></span> <span class='ocrx_word' id='word_1_264' title='bbox 1399 1308 1489 1351; x_wconf 67' lang='lat' dir='ltr'><strong>fixit</strong></span> <span class='ocrx_word' id='word_1_265' title='bbox 1525 1308 1564 1339; x_wconf 87' lang='lat' dir='ltr'><strong>et</strong></span> <span class='ocrx_word' id='word_1_266' title='bbox 1592 1305 1713 1348; x_wconf 68' lang='lat' dir='ltr'><strong>flea-it.</strong></span> 
     </span>
     <span class='ocr_line' id='line_1_50' title="bbox 979 1361 1714 1405; baseline -0.004 -9"><span class='ocrx_word' id='word_1_267' title='bbox 979 1363 1123 1405; x_wconf 83' lang='lat' dir='ltr'><strong>Reliqui</strong></span> <span class='ocrx_word' id='word_1_268' title='bbox 1142 1362 1242 1405; x_wconf 75' lang='lat' dir='ltr'><strong>fia-it.</strong></span> <span class='ocrx_word' id='word_1_269' title='bbox 1264 1381 1310 1387; x_wconf 91' lang='lat'><strong>—-</strong></span> <span class='ocrx_word' id='word_1_270' title='bbox 1332 1365 1412 1397; x_wconf 87' lang='lat' dir='ltr'><strong>Duo</strong></span> <span class='ocrx_word' id='word_1_271' title='bbox 1435 1364 1556 1397; x_wconf 81' lang='lat' dir='ltr'><strong>Heius.</strong></span> <span class='ocrx_word' id='word_1_272' title='bbox 1578 1361 1620 1394; x_wconf 74' lang='lat' dir='ltr'><strong>in</strong></span> <span class='ocrx_word' id='word_1_273' title='bbox 1642 1362 1714 1394; x_wconf 75' lang='lat' dir='ltr'><strong>ku-</strong></span> 
     </span>
     <span class='ocr_line' id='line_1_51' title="bbox 978 1413 1715 1462; baseline -0.001 -11"><span class='ocrx_word' id='word_1_274' title='bbox 978 1428 1090 1451; x_wconf 81' lang='lat' dir='ltr'><strong>mum.</strong></span> <span class='ocrx_word' id='word_1_275' title='bbox 1137 1421 1278 1453; x_wconf 86' lang='lat' dir='ltr'><strong>Dicitur</strong></span> <span class='ocrx_word' id='word_1_276' title='bbox 1297 1419 1416 1462; x_wconf 66' lang='lat' dir='ltr'><strong>figere</strong></span> <span class='ocrx_word' id='word_1_277' title='bbox 1433 1419 1474 1451; x_wconf 77' lang='lat' dir='ltr'><strong>in</strong></span> <span class='ocrx_word' id='word_1_278' title='bbox 1490 1413 1657 1459; x_wconf 74' lang='lat' dir='ltr'><strong>terram,¹</strong></span> <span class='ocrx_word' id='word_1_279' title='bbox 1670 1417 1715 1450; x_wconf 78' lang='lat' dir='ltr'><strong>in</strong></span> 
     </span>
     <span class='ocr_line' id='line_1_52' title="bbox 984 1474 1715 1516; baseline -0.003 -9"><span class='ocrx_word' id='word_1_280' title='bbox 984 1476 1094 1507; x_wconf 81' lang='lat' dir='ltr'><strong>terra</strong></span> <span class='ocrx_word' id='word_1_281' title='bbox 1122 1476 1186 1508; x_wconf 86' lang='lat' dir='ltr'><strong>vel</strong></span> <span class='ocrx_word' id='word_1_282' title='bbox 1217 1475 1346 1516; x_wconf 78' lang='lat' dir='ltr'><strong>humo,</strong></span> <span class='ocrx_word' id='word_1_283' title='bbox 1379 1476 1492 1507; x_wconf 84' lang='lat' dir='ltr'><strong>terra</strong></span> <span class='ocrx_word' id='word_1_284' title='bbox 1521 1475 1582 1507; x_wconf 85' lang='lat' dir='ltr'><strong>vel</strong></span> <span class='ocrx_word' id='word_1_285' title='bbox 1603 1474 1715 1506; x_wconf 77' lang='lat' dir='ltr'><strong>humo</strong></span> 
     </span>
     <span class='ocr_line' id='line_1_53' title="bbox 982 1529 1679 1572; baseline -0.004 -8"><span class='ocrx_word' id='word_1_286' title='bbox 982 1534 1020 1564; x_wconf 84' lang='lat' dir='ltr'><strong>et</strong></span> <span class='ocrx_word' id='word_1_287' title='bbox 1041 1530 1150 1563; x_wconf 76' lang='lat' dir='ltr'><strong>humi.</strong></span> <span class='ocrx_word' id='word_1_288' title='bbox 1197 1531 1280 1564; x_wconf 90' lang='lat' dir='ltr'><strong>Vid.</strong></span> <span class='ocrx_word' id='word_1_289' title='bbox 1304 1532 1350 1563; x_wconf 82' lang='lat' dir='ltr'><strong>ad</strong></span> <span class='ocrx_word' id='word_1_290' title='bbox 1373 1533 1459 1564; x_wconf 80' lang='lat' dir='ltr'><strong>Her.</strong></span> <span class='ocrx_word' id='word_1_291' title='bbox 1481 1531 1580 1572; x_wconf 80' lang='lat' dir='ltr'>XXI,</span> <span class='ocrx_word' id='word_1_292' title='bbox 1602 1529 1679 1562; x_wconf 76' lang='lat'><strong>242.</strong></span> 
     </span>
    </p>
   </div>
   <div class='ocr_carea' id='block_1_12' title="bbox 982 1609 1746 1698">
    <p class='ocr_par' dir='ltr' id='par_1_13' title="bbox 982 1609 1746 1698">
     <span class='ocr_line' id='line_1_54' title="bbox 1025 1609 1712 1650; baseline -0.004 -9"><span class='ocrx_word' id='word_1_293' title='bbox 1025 1610 1082 1641; x_wconf 90' lang='grc'><strong>30.</strong></span> <span class='ocrx_word' id='word_1_294' title='bbox 1103 1609 1206 1640; x_wconf 80' lang='lat' dir='ltr'><strong>vett.</strong></span> <span class='ocrx_word' id='word_1_295' title='bbox 1230 1610 1309 1641; x_wconf 85' lang='lat' dir='ltr'><strong>edd.</strong></span> <span class='ocrx_word' id='word_1_296' title='bbox 1324 1610 1475 1650; x_wconf 83' lang='lat' dir='ltr'><strong>praeter</strong></span> <span class='ocrx_word' id='word_1_297' title='bbox 1492 1609 1626 1640; x_wconf 86' lang='lat' dir='ltr'><strong>Bonon.</strong></span> <span class='ocrx_word' id='word_1_298' title='bbox 1638 1615 1712 1639; x_wconf 83' lang='lat' dir='ltr'><strong>non</strong></span> 
     </span>
     <span class='ocr_line' id='line_1_55' title="bbox 982 1661 1746 1698; baseline -0.007 -1"><span class='ocrx_word' id='word_1_299' title='bbox 982 1662 1088 1697; x_wconf 77' lang='lat' dir='ltr'><strong>tristi</strong></span> <span class='ocrx_word' id='word_1_300' title='bbox 1109 1665 1227 1697; x_wconf 78' lang='lat' dir='ltr'><strong>vultu.</strong></span> <span class='ocrx_word' id='word_1_301' title='bbox 1274 1662 1379 1696; x_wconf 82' lang='lat' dir='ltr'><strong>Bern.&#39;</strong></span> <span class='ocrx_word' id='word_1_302' title='bbox 1401 1670 1477 1695; x_wconf 83' lang='lat' dir='ltr'><strong>non</strong></span> <span class='ocrx_word' id='word_1_303' title='bbox 1499 1661 1568 1693; x_wconf 75' lang='lat' dir='ltr'><strong>illo</strong></span> <span class='ocrx_word' id='word_1_304' title='bbox 1590 1662 1711 1694; x_wconf 84' lang='lat' dir='ltr'><strong>vultu.</strong></span> <span class='ocrx_word' id='word_1_305' title='bbox 1742 1694 1746 1698; x_wconf 73' lang='grc'><strong>,</strong></span> 
     </span>
    </p>
   </div>
   <div class='ocr_carea' id='block_1_13' title="bbox 978 1740 1714 1995">
    <p class='ocr_par' dir='ltr' id='par_1_14' title="bbox 978 1740 1714 1995">
     <span class='ocr_line' id='line_1_56' title="bbox 1025 1740 1713 1784; baseline -0.006 -9"><span class='ocrx_word' id='word_1_306' title='bbox 1025 1742 1078 1775; x_wconf 82' lang='lat'><strong>31.</strong></span> <span class='ocrx_word' id='word_1_307' title='bbox 1112 1742 1191 1775; x_wconf 86' lang='lat' dir='ltr'><strong>Ille</strong></span> <span class='ocrx_word' id='word_1_308' title='bbox 1210 1741 1340 1784; x_wconf 70' lang='lat' dir='ltr'><strong>ferox.</strong></span> <span class='ocrx_word' id='word_1_309' title='bbox 1394 1740 1514 1773; x_wconf 82' lang='lat' dir='ltr'><strong>Etiam</strong></span> <span class='ocrx_word' id='word_1_310' title='bbox 1535 1741 1625 1772; x_wconf 79' lang='lat' dir='ltr'><strong>Hor.</strong></span> <span class='ocrx_word' id='word_1_311' title='bbox 1649 1740 1713 1774; x_wconf 87' lang='lat' dir='ltr'><strong>0d.</strong></span> 
     </span>
     <span class='ocr_line' id='line_1_57' title="bbox 980 1794 1713 1840; baseline -0.008 -9"><span class='ocrx_word' id='word_1_312' title='bbox 980 1799 1048 1840; x_wconf 87' lang='lat' dir='ltr'><strong>IV,</strong></span> <span class='ocrx_word' id='word_1_313' title='bbox 1070 1799 1107 1840; x_wconf 87' lang='lat'><strong>2,</strong></span> <span class='ocrx_word' id='word_1_314' title='bbox 1128 1797 1184 1830; x_wconf 77' lang='lat'><strong>24.</strong></span> <span class='ocrx_word' id='word_1_315' title='bbox 1204 1796 1355 1839; x_wconf 78' lang='lat' dir='ltr'><strong>feroces</strong></span> <span class='ocrx_word' id='word_1_316' title='bbox 1376 1795 1416 1828; x_wconf 76' lang='lat' dir='ltr'><strong>in</strong></span> <span class='ocrx_word' id='word_1_317' title='bbox 1435 1795 1626 1836; x_wconf 80' lang='lat' dir='ltr'><strong>triumpho</strong></span> <span class='ocrx_word' id='word_1_318' title='bbox 1637 1794 1713 1834; x_wconf 80' lang='lat' dir='ltr'><strong><em>Sy·-</em></strong></span> 
     </span>
     <span class='ocr_line' id='line_1_58' title="bbox 978 1844 1714 1895; baseline -0.005 -10"><span class='ocrx_word' id='word_1_319' title='bbox 978 1844 1168 1895; x_wconf 62' lang='lat' dir='ltr'><strong>9ambros.</strong></span> <span class='ocrx_word' id='word_1_320' title='bbox 1196 1868 1242 1874; x_wconf 90' lang='lat'><strong>-—-</strong></span> <span class='ocrx_word' id='word_1_321' title='bbox 1270 1852 1379 1885; x_wconf 78' lang='lat' dir='ltr'><strong>Multi</strong></span> <span class='ocrx_word' id='word_1_322' title='bbox 1409 1851 1547 1894; x_wconf 61' lang='lat' dir='ltr'><strong>Heius„</strong></span> <span class='ocrx_word' id='word_1_323' title='bbox 1578 1850 1714 1892; x_wconf 67' lang='lat' dir='ltr'><strong>Guelfi,</strong></span> 
     </span>
     <span class='ocr_line' id='line_1_59' title="bbox 980 1906 1712 1950; baseline -0.003 -10"><span class='ocrx_word' id='word_1_324' title='bbox 980 1908 1124 1950; x_wconf 90' lang='lat' dir='ltr'><strong>Berol.,</strong></span> <span class='ocrx_word' id='word_1_325' title='bbox 1153 1909 1237 1950; x_wconf 85' lang='lat' dir='ltr'><strong>Seg.</strong></span> <span class='ocrx_word' id='word_1_326' title='bbox 1262 1910 1300 1940; x_wconf 79' lang='lat' dir='ltr'><strong>et</strong></span> <span class='ocrx_word' id='word_1_327' title='bbox 1323 1906 1433 1940; x_wconf 84' lang='lat' dir='ltr'><strong>Crev.</strong></span> <span class='ocrx_word' id='word_1_328' title='bbox 1461 1907 1500 1939; x_wconf 86' lang='lat' dir='ltr'><strong>et</strong></span> <span class='ocrx_word' id='word_1_329' title='bbox 1521 1906 1644 1939; x_wconf 74' lang='lat' dir='ltr'><strong>adhuc</strong></span> <span class='ocrx_word' id='word_1_330' title='bbox 1668 1914 1712 1938; x_wconf 91' lang='grc' dir='ltr'><strong>ο-</strong></span> 
     </span>
     <span class='ocr_line' id='line_1_60' title="bbox 981 1963 1090 1995; baseline 0 0"><span class='ocrx_word' id='word_1_331' title='bbox 981 1963 1090 1995; x_wconf 79' lang='lat' dir='ltr'><strong>culis.</strong></span> 
     </span>
    </p>
   </div>
   <div class='ocr_carea' id='block_1_14' title="bbox 980 2038 1713 2302">
    <p class='ocr_par' dir='ltr' id='par_1_15' title="bbox 980 2038 1713 2302">
     <span class='ocr_line' id='line_1_61' title="bbox 1024 2038 1712 2079; baseline -0.007 -6"><span class='ocrx_word' id='word_1_332' title='bbox 1024 2042 1078 2073; x_wconf 85' lang='grc'><strong>32.</strong></span> <span class='ocrx_word' id='word_1_333' title='bbox 1102 2039 1202 2072; x_wconf 80' lang='lat' dir='ltr'><strong>Fuit.</strong></span> <span class='ocrx_word' id='word_1_334' title='bbox 1235 2038 1397 2079; x_wconf 85' lang='lat' dir='ltr'><strong>Pirckh.,</strong></span> <span class='ocrx_word' id='word_1_335' title='bbox 1416 2038 1548 2070; x_wconf 79' lang='lat' dir='ltr'><strong>Franc.</strong></span> <span class='ocrx_word' id='word_1_336' title='bbox 1568 2038 1606 2069; x_wconf 84' lang='lat' dir='ltr'><strong>et</strong></span> <span class='ocrx_word' id='word_1_337' title='bbox 1623 2038 1712 2070; x_wconf 80' lang='lat' dir='ltr'><strong>vett.</strong></span> 
     </span>
     <span class='ocr_line' id='line_1_62' title="bbox 981 2091 1713 2134; baseline -0.001 -7"><span class='ocrx_word' id='word_1_338' title='bbox 981 2097 1060 2127; x_wconf 89' lang='lat' dir='ltr'><strong>edd.</strong></span> <span class='ocrx_word' id='word_1_339' title='bbox 1084 2095 1197 2127; x_wconf 82' lang='lat' dir='ltr'><strong>dedit.</strong></span> <span class='ocrx_word' id='word_1_340' title='bbox 1250 2094 1329 2124; x_wconf 80' lang='lat' dir='ltr'><strong>Put.</strong></span> <span class='ocrx_word' id='word_1_341' title='bbox 1350 2091 1460 2134; x_wconf 62' lang='grc' dir='ltr'><strong>Γηρᾶ.</strong></span> <span class='ocrx_word' id='word_1_342' title='bbox 1515 2094 1591 2129; x_wconf 80' lang='lat' dir='ltr'><strong>Pal.</strong></span> <span class='ocrx_word' id='word_1_343' title='bbox 1619 2101 1713 2126; x_wconf 84' lang='lat' dir='ltr'><strong>con-</strong></span> 
     </span>
     <span class='ocr_line' id='line_1_63' title="bbox 980 2146 1713 2192; baseline 0.001 -10"><span class='ocrx_word' id='word_1_344' title='bbox 980 2150 1129 2192; x_wconf 76' lang='lat' dir='ltr'><strong>siliique</strong></span> <span class='ocrx_word' id='word_1_345' title='bbox 1160 2148 1248 2192; x_wconf 82' lang='lat' dir='ltr'><strong>fuit.</strong></span> <span class='ocrx_word' id='word_1_346' title='bbox 1316 2146 1520 2180; x_wconf 69' lang='lat' dir='ltr'><strong>Consilium</strong></span> <span class='ocrx_word' id='word_1_347' title='bbox 1541 2150 1575 2181; x_wconf 81' lang='grc' dir='ltr'><strong>Ιι.</strong></span> <span class='ocrx_word' id='word_1_348' title='bbox 1607 2150 1633 2182; x_wconf 91' lang='lat' dir='ltr'><strong>l.</strong></span> <span class='ocrx_word' id='word_1_349' title='bbox 1656 2152 1713 2183; x_wconf 78' lang='lat' dir='ltr'><strong>est</strong></span> 
     </span>
     <span class='ocr_line' id='line_1_64' title="bbox 981 2204 1713 2245; baseline 0 -7"><span class='ocrx_word' id='word_1_350' title='bbox 981 2207 1204 2239; x_wconf 80' lang='lat' dir='ltr'><strong>abstractum</strong></span> <span class='ocrx_word' id='word_1_351' title='bbox 1238 2205 1333 2245; x_wconf 83' lang='lat' dir='ltr'><strong>quod</strong></span> <span class='ocrx_word' id='word_1_352' title='bbox 1366 2204 1488 2237; x_wconf 81' lang='lat' dir='ltr'><strong>dicunt</strong></span> <span class='ocrx_word' id='word_1_353' title='bbox 1517 2213 1586 2245; x_wconf 82' lang='lat' dir='ltr'><strong>pro</strong></span> <span class='ocrx_word' id='word_1_354' title='bbox 1620 2213 1713 2238; x_wconf 86' lang='lat' dir='ltr'><strong>con-</strong></span> 
     </span>
     <span class='ocr_line' id='line_1_65' title="bbox 982 2260 1477 2302; baseline 0 -9"><span class='ocrx_word' id='word_1_355' title='bbox 982 2263 1098 2294; x_wconf 89' lang='lat' dir='ltr'><strong>creto.</strong></span> <span class='ocrx_word' id='word_1_356' title='bbox 1143 2261 1230 2292; x_wconf 83' lang='lat' dir='ltr'><strong>Her.</strong></span> <span class='ocrx_word' id='word_1_357' title='bbox 1254 2261 1376 2302; x_wconf 83' lang='lat' dir='ltr'><strong>xvn,</strong></span> <span class='ocrx_word' id='word_1_358' title='bbox 1399 2260 1477 2293; x_wconf 80' lang='grc'><strong>268.</strong></span> 
     </span>
    </p>
   </div>
   <div class='ocr_carea' id='block_1_15' title="bbox 1046 2334 1713 2371">
    <p class='ocr_par' dir='ltr' id='par_1_16' title="bbox 1046 2334 1713 2371">
     <span class='ocr_line' id='line_1_66' title="bbox 1046 2334 1713 2371; baseline 0.004 -10"><span class='ocrx_word' id='word_1_359' title='bbox 1046 2334 1130 2368; x_wconf 81' lang='lat' dir='ltr'><strong>Quae</strong></span> <span class='ocrx_word' id='word_1_360' title='bbox 1154 2334 1226 2362; x_wconf 84' lang='lat' dir='ltr'><strong>mihi</strong></span> <span class='ocrx_word' id='word_1_361' title='bbox 1251 2337 1323 2363; x_wconf 74' lang='lat' dir='ltr'><strong>sunt</strong></span> <span class='ocrx_word' id='word_1_362' title='bbox 1347 2334 1474 2363; x_wconf 76' lang='lat' dir='ltr'><strong>comites</strong></span> <span class='ocrx_word' id='word_1_363' title='bbox 1495 2335 1713 2371; x_wconf 76' lang='lat' dir='ltr'><strong>consiliumque</strong></span> 
     </span>
    </p>
   </div>
   <div class='ocr_carea' id='block_1_16' title="bbox 980 2379 1464 2458">
    <p class='ocr_par' dir='ltr' id='par_1_17' title="bbox 980 2379 1464 2458">
     <span class='ocr_line' id='line_1_67' title="bbox 980 2379 1464 2458; baseline -0.01 -7"><span class='ocrx_word' id='word_1_364' title='bbox 980 2416 1085 2451; x_wconf 82' lang='lat' dir='ltr'><strong>Conf.</strong></span> <span class='ocrx_word' id='word_1_365' title='bbox 1109 2417 1196 2448; x_wconf 81' lang='lat' dir='ltr'><strong>ner.</strong></span> <span class='ocrx_word' id='word_1_366' title='bbox 1220 2416 1252 2458; x_wconf 91' lang='lat'><strong>1,</strong></span> <span class='ocrx_word' id='word_1_367' title='bbox 1277 2415 1352 2448; x_wconf 80' lang='lat'><strong>104.</strong></span> <span class='ocrx_word' id='word_1_368' title='bbox 1375 2379 1464 2408; x_wconf 71' lang='lat'>‘¹⁰³⁰&#39;</span> 
     </span>
    </p>
   </div>
   <div class='ocr_carea' id='block_1_17' title="bbox 979 2494 1711 2924">
    <p class='ocr_par' dir='ltr' id='par_1_18' title="bbox 979 2494 1711 2924">
     <span class='ocr_line' id='line_1_68' title="bbox 1024 2494 1711 2537; baseline -0.004 -9"><span class='ocrx_word' id='word_1_369' title='bbox 1024 2497 1078 2528; x_wconf 85' lang='lat'><strong>33.</strong></span> <span class='ocrx_word' id='word_1_370' title='bbox 1112 2495 1288 2530; x_wconf 78' lang='lat' dir='ltr'><strong>Inclusit.</strong></span> <span class='ocrx_word' id='word_1_371' title='bbox 1340 2496 1417 2530; x_wconf 80' lang='lat' dir='ltr'><strong>Pal.</strong></span> <span class='ocrx_word' id='word_1_372' title='bbox 1445 2496 1492 2537; x_wconf 89' lang='lat'><strong>2.‚</strong></span> <span class='ocrx_word' id='word_1_373' title='bbox 1515 2496 1649 2528; x_wconf 83' lang='lat' dir='ltr'><strong>Bersm.</strong></span> <span class='ocrx_word' id='word_1_374' title='bbox 1674 2494 1711 2526; x_wconf 80' lang='lat' dir='ltr'><strong>et</strong></span> 
     </span>
     <span class='ocr_line' id='line_1_69' title="bbox 979 2548 1711 2585; baseline -0.007 -1"><span class='ocrx_word' id='word_1_375' title='bbox 979 2554 1013 2584; x_wconf 91' lang='lat'><strong>11</strong></span> <span class='ocrx_word' id='word_1_376' title='bbox 1035 2553 1098 2585; x_wconf 85' lang='lat' dir='ltr'><strong>alii</strong></span> <span class='ocrx_word' id='word_1_377' title='bbox 1128 2554 1251 2585; x_wconf 73' lang='lat' dir='ltr'><strong>HeIns.</strong></span> <span class='ocrx_word' id='word_1_378' title='bbox 1285 2561 1365 2585; x_wconf 89' lang='lat' dir='ltr'><strong>cum</strong></span> <span class='ocrx_word' id='word_1_379' title='bbox 1395 2553 1486 2584; x_wconf 84' lang='lat' dir='ltr'><strong>vett.</strong></span> <span class='ocrx_word' id='word_1_380' title='bbox 1516 2551 1595 2583; x_wconf 88' lang='lat' dir='ltr'><strong>edd.</strong></span> <span class='ocrx_word' id='word_1_381' title='bbox 1617 2548 1711 2580; x_wconf 75' lang='lat' dir='ltr'><strong>illu-</strong></span> 
     </span>
     <span class='ocr_line' id='line_1_70' title="bbox 979 2603 1709 2650; baseline -0.005 -11"><span class='ocrx_word' id='word_1_382' title='bbox 979 2607 1040 2639; x_wconf 78' lang='lat' dir='ltr'><strong>sit.</strong></span> <span class='ocrx_word' id='word_1_383' title='bbox 1085 2611 1195 2650; x_wconf 65' lang='lat' dir='ltr'><strong>Mor„</strong></span> <span class='ocrx_word' id='word_1_384' title='bbox 1226 2609 1261 2640; x_wconf 92' lang='lat' dir='ltr'><strong>V</strong></span> <span class='ocrx_word' id='word_1_385' title='bbox 1291 2608 1354 2640; x_wconf 84' lang='lat' dir='ltr'><strong>alii</strong></span> <span class='ocrx_word' id='word_1_386' title='bbox 1383 2608 1505 2640; x_wconf 84' lang='lat' dir='ltr'><strong>Heius.</strong></span> <span class='ocrx_word' id='word_1_387' title='bbox 1540 2607 1577 2637; x_wconf 86' lang='lat' dir='ltr'><strong>et</strong></span> <span class='ocrx_word' id='word_1_388' title='bbox 1601 2603 1709 2636; x_wconf 87' lang='lat' dir='ltr'><strong>Crev.</strong></span> 
     </span>
     <span class='ocr_line' id='line_1_71' title="bbox 982 2662 1711 2704; baseline -0.003 -9"><span class='ocrx_word' id='word_1_389' title='bbox 982 2663 1175 2696; x_wconf 75' lang='lat' dir='ltr'><strong>conclusit.</strong></span> <span class='ocrx_word' id='word_1_390' title='bbox 1221 2664 1419 2696; x_wconf 82' lang='lat' dir='ltr'><strong>Praeclare</strong></span> <span class='ocrx_word' id='word_1_391' title='bbox 1441 2662 1618 2704; x_wconf 82' lang='lat' dir='ltr'><strong>significat</strong></span> <span class='ocrx_word' id='word_1_392' title='bbox 1635 2662 1711 2693; x_wconf 84' lang='lat' dir='ltr'><strong>Ar-</strong></span> 
     </span>
     <span class='ocr_line' id='line_1_72' title="bbox 981 2715 1711 2761; baseline -0.004 -11"><span class='ocrx_word' id='word_1_393' title='bbox 981 2719 1125 2751; x_wconf 88' lang='lat' dir='ltr'><strong>minium</strong></span> <span class='ocrx_word' id='word_1_394' title='bbox 1166 2720 1333 2761; x_wconf 88' lang='lat' dir='ltr'><strong>Sigimeri</strong></span> <span class='ocrx_word' id='word_1_395' title='bbox 1372 2719 1506 2759; x_wconf 87' lang='lat' dir='ltr'><strong>filium,</strong></span> <span class='ocrx_word' id='word_1_396' title='bbox 1552 2715 1711 2748; x_wconf 86' lang='lat' dir='ltr'><strong>nobilem</strong></span> 
     </span>
     <span class='ocr_line' id='line_1_73' title="bbox 979 2771 1710 2807; baseline -0.004 -2"><span class='ocrx_word' id='word_1_397' title='bbox 979 2774 1081 2806; x_wconf 90' lang='lat' dir='ltr'><strong>illum</strong></span> <span class='ocrx_word' id='word_1_398' title='bbox 1118 2775 1379 2807; x_wconf 79' lang='lat' dir='ltr'><strong>Germanorum</strong></span> <span class='ocrx_word' id='word_1_399' title='bbox 1424 2773 1550 2804; x_wconf 89' lang='lat' dir='ltr'><strong>ducem</strong></span> <span class='ocrx_word' id='word_1_400' title='bbox 1590 2771 1710 2803; x_wconf 86' lang='lat' dir='ltr'><strong>vindi-</strong></span> 
     </span>
     <span class='ocr_line' id='line_1_74' title="bbox 981 2827 1711 2871; baseline -0.005 -9"><span class='ocrx_word' id='word_1_401' title='bbox 981 2838 1128 2871; x_wconf 84' lang='lat' dir='ltr'><strong>cemque</strong></span> <span class='ocrx_word' id='word_1_402' title='bbox 1146 2831 1350 2862; x_wconf 84' lang='lat' dir='ltr'><strong>Germanae</strong></span> <span class='ocrx_word' id='word_1_403' title='bbox 1367 2827 1564 2869; x_wconf 81' lang='lat' dir='ltr'><strong>libertatis,</strong></span> <span class='ocrx_word' id='word_1_404' title='bbox 1577 2830 1614 2859; x_wconf 83' lang='lat' dir='ltr'><strong>et</strong></span> <span class='ocrx_word' id='word_1_405' title='bbox 1631 2827 1711 2859; x_wconf 80' lang='lat' dir='ltr'><strong>cla-</strong></span> 
     </span>
     <span class='ocr_line' id='line_1_75' title="bbox 980 2885 1710 2924; baseline -0.004 -8"><span class='ocrx_word' id='word_1_406' title='bbox 980 2885 1060 2917; x_wconf 87' lang='lat' dir='ltr'><strong>dem</strong></span> <span class='ocrx_word' id='word_1_407' title='bbox 1082 2885 1291 2918; x_wconf 77' lang='lat' dir='ltr'><strong>Varianam.</strong></span> <span class='ocrx_word' id='word_1_408' title='bbox 1337 2885 1429 2918; x_wconf 82' lang='lat' dir='ltr'><strong>Nam</strong></span> <span class='ocrx_word' id='word_1_409' title='bbox 1443 2885 1582 2924; x_wconf 80' lang='lat' dir='ltr'><strong>Varus,</strong></span> <span class='ocrx_word' id='word_1_410' title='bbox 1605 2890 1710 2922; x_wconf 87' lang='lat' dir='ltr'><strong>quum</strong></span> 
     </span>
    </p>
   </div>
  </div>
 </body>
</html>
