1846 3146
544 182 549 185 *
578 154 707 204 Lm.
741 153 804 202 V.
855 130 1056 202 mc.
1091 150 1179 200 [v.

1533 151 1632 202 463

115 278 230 330 Nee
261 275 482 327 frondem
515 277 566 324 in
599 275 758 336 silviS‚
793 290 886 324 nec
920 279 1090 342 aperto
1122 272 1290 322 mollia
1323 278 1463 339 prato

125 389 135 393 »
180 358 424 419 Gramina,
458 373 552 408 nec
583 358 732 424 pleno
764 358 955 406 flumine
989 358 1146 405 cernit
1179 359 1358 421 aquas3

1567 355 1634 406 10

114 440 244 501 Quid
278 442 497 491 Priamus
533 441 724 501 doleat,
758 440 1020 500 mirabitur,
1055 439 1285 488 Hectore
1308 442 1464 504 rapto,

178 524 374 584 Quidve
407 510 712 573 Philoctetes
743 525 870 572 ictus
905 522 966 571 ab
1001 536 1162 586 angue
1196 526 1370 586 gemat.

113 607 181 657 Di
211 607 433 657 facerent
465 607 658 666 utinam,
693 605 807 654 talis
841 610 996 654 status
1030 608 1164 654 esset
1196 605 1248 653 in
1280 603 1387 664 illo,

177 690 246 739 Ut
278 705 376 738 non
410 689 633 739 tristitiae
669 703 817 738 causa
848 686 1064 736 dolenda
1095 687 1239 735 foret.

79 815 83 819 .
111 752 233 821 Fert
265 776 437 831 tamen,
472 775 526 819 ut
561 770 722 831 debet,
760 786 903 819 casus
935 771 1178 836 patienter
1211 783 1416 829 amaros,

1567 768 1632 817 15

175 853 320 904 More
353 868 447 904 nee
480 852 699 902 indomiti
731 853 872 919 frena
904 856 1101 902 recusat
1132 852 1258 916 equi.

109 937 223 987 Nec
254 936 364 986 fore
396 941 677 1002 perpetuam
709 940 875 1003 sperat
906 935 1000 985 sibi
1033 935 1238 982 numinis
1271 935 1405 994 iram,

175 1016 434 1078 Consciu8‚
470 1020 521 1067 in
555 1018 701 1084 culpa
734 1035 833 1068 non
865 1017 1031 1067 scelus
1065 1030 1179 1065 esse
1211 1032 1314 1064 sua.

109 1098 276 1168 Saepe
307 1100 476 1161 refert,
512 1103 578 1150 sit
609 1105 785 1167 quanta
819 1101 901 1150 dei
936 1100 1208 1159 clementia,
1244 1099 1383 1148 cuius

173 1182 249 1234 Se
281 1198 471 1248 qnoque
505 1185 556 1232 in
589 1184 828 1250 exemplis
862 1196 1175 1232 annumerare
1207 1180 1364 1230 solet:

154 1327 187 1360 8.
220 1311 408 1360 Postulat
462 1327 605 1370 namn,
632 1328 776 1362 Pirckh.
801 1331 839 1362 et

108 1382 218 1417 crev.
244 1381 423 1424 postulet.
451 1399 497 1407 -—-
525 1383 600 1416 Pal.
624 1384 655 1417 1.
661 1405 677 1426 ,
715 1384 837 1427 Goth„

106 1438 207 1472 Gall.
229 1439 267 1470 et
288 1437 361 1471 vn
381 1435 445 1469 alii
466 1435 546 1468 ille.

153 1514 187 1546 9.
214 1513 407 1547 Frondem
418 1511 458 1547 in
469 1512 586 1547 silvis.
609 1515 837 1557 Sei-wsma-

108 1568 193 1605 aem
219 1568 340 1603 silvis.
407 1571 483 1603 Iun.
512 1572 550 1602 et
577 1570 837 1613 alinsvneins„

108 1626 216 1659 Bel-n.
246 1626 285 1658 et
314 1626 402 1661 vett.
434 1625 513 1658 edd.
540 1624 700 1666 frondes
721 1624 837 1657 silvis.

108 1679 243 1722 βαιὴ.)
282 1679 361 1714 Put.
395 1681 432 1713 et
465 1681 553 1713 vett.
587 1680 666 1711 edd.
701 1681 836 1722 aperto

106 1729 285 1776 aramiim
307 1742 440 1776 campo
462 1734 605 1767 mollia.
651 1732 838 1766 Gramina

108 1789 242 1824 mollia
263 1790 372 1825 etiam
394 1791 474 1823 Bel.

153 1843 338 1889 Apertum
358 1845 516 1884 pratum
543 1847 600 1877 est
622 1846 701 1878 sine
723 1846 837 1879 arbo-

109 1898 209 1931 ribus
232 1900 270 1931 et
292 1899 432 1941 umbra,
454 1901 596 1941 qualem
616 1901 739 1937 locum
758 1901 837 1942 ipse
866 1925 871 1930 .

107 1961 248 1995 purum
269 1954 385 1986 vocat
405 1953 451 1986 ab
476 1954 678 1987 arboribus
706 1958 743 1988 et
764 1965 836 1987 un-

109 2008 219 2050 dique
260 2008 501 2049 spectabilem
533 2012 622 2043 Met.
650 2012 704 2043 111
712 2033 727 2054 ,
761 2012 836 2044 709.

110 2063 216 2098 Oonf.
239 2065 342 2096 Pont.
364 2065 433 2107 111,
458 2064 491 2107 1,
505 2065 573 2107 19.,
584 2062 836 2107 Ὺίῐὲ.(;εὸι·ς.

111 2121 164 2161 Π,
185 2120 279 2162 281»,
302 2121 389 2153 Met.
411 2120 485 2161 Vl,
509 2121 585 2153 693.
615 2123 654 2153 et
680 2122 761 2153 Art.
790 2122 834 2153 A.

111 2176 144 2217 Ι,
157 2175 233 2208 247.
266 2173 390 2207 Sicw'n
411 2175 547 2216 aperto
569 2184 637 2217 pro
659 2175 726 2207 sub
748 2174 835 2208 divo

110 2228 190 2261 Liv.
212 2229 340 2261 xum.
364 2238 396 2262 c.
421 2230 473 2263 18.
518 2231 657 2263 Bmm.

154 2305 207 2337 10.
242 2303 382 2337 Cernit.
417 2306 522 2343 Goth.
540 2303 670 2338 crevit.
703 2306 834 2339 Franc.

108 2368 177 2401 pro
199 2369 236 2392 v.
259 2358 418 2401 quaerit.
451 2361 558 2393 Voss.
572 2362 717 2393 credat.
751 2363 835 2403 seg.

108 2424 133 2448 a
156 2417 187 2448 1.
209 2425 254 2447 m.
277 2413 401 2454 sumit,
424 2422 447 2446 a
468 2415 500 2447 2.
524 2424 568 2446 m.
587 2415 718 2448 cernit.
742 2417 837 2459 Rel.,

109 2471 215 2504 Goth.
239 2472 282 2512 et¹
298 2469 333 2502 Χ
354 2470 474 2502 ueins.
497 2478 644 2511 aquam.

154 2548 208 2580 11.
242 2547 382 2587 Rapto.
438 2548 538 2580 Leid.
562 2549 684 2588 capto.
730 2550 836 2583 Goth.

111 2603 149 2635 et
179 2604 268 2644 Reg.
298 2611 367 2642 pro
395 2612 458 2645 v.,
492 2605 587 2635 Mor.
619 2607 656 2636 et
688 2606 743 2636 111
778 2605 839 2637 alii

109 2656 230 2691 nefins.
256 2657 395 2690 tracto.
442 2659 525 2691 vid.
547 2660 593 2691 ad
615 2660 683 2701 IV,
711 2661 746 2701 3,
770 2661 839 2702 30.,

82 2723 97 2738 2
112 2713 163 2754 V,
186 2712 222 2754 1,
245 2715 314 2754 ὀᾶ,
338 2714 389 2755 V,
415 2713 471 2755 12,
495 2715 542 2756 7.,
567 2716 599 2756 Ι,
622 2715 657 2755 9,
681 2714 750 2755 30.,
773 2716 839 2756 111,

109 2768 146 2810 e,
170 2769 239 2810 3⁷„
262 2771 330 2812 111,
355 2769 411 2811 11,
433 2770 489 2802 27.-
517 2786 560 2793 —
588 2770 689 2802 nem.
711 2769 842 2802 doleat

112 2821 299 2857 Primus.

892 2118 1000 2156 mihi.

1566 1183 1632 1231 20

949 1326 1003 1359 12.
1035 1325 1145 1358 Ictus
1172 1325 1220 1358 ab
1249 1323 1382 1367 unque.
1438 1325 1488 1367 V,
1517 1326 1553 1368 1,
1576 1326 1631 1360 61.

902 1383 941 1414 et
956 1382 1008 1423 V,
1025 1382 1062 1423 2,
1082 1380 1135 1413 14.
1168 1382 1263 1414 Mor.
1281 1379 1419 1412 laesus.
1462 1381 1542 1414 Rel.
1560 1390 1630 1423 pro

902 1446 938 1468 v.
960 1445 1032 1469 scr.
1055 1442 1183 1467 curve.

948 1512 1001 1545 13.
1034 1512 1084 1545 In
1105 1511 1198 1555 illo,
1229 1512 1350 1555 illins,
1379 1520 1430 1544 sc.
1465 1511 1631 1545 Nasonis.

902 1569 1037 1601 sensus
1061 1569 1134 1600 est:
1161 1565 1307 1599 utinam
1330 1565 1421 1600 talis
1444 1565 1522 1598 eius
1543 1566 1634 1598 sta-

904 1623 965 1654 tus
987 1622 1093 1664 esset,
1115 1622 1166 1654 ut
1188 1630 1325 1654 caussa
1345 1621 1528 1654 tristitiae
1543 1629 1632 1653 non

903 1679 1029 1715 [vere]
1064 1678 1228 1710 dolenda
1255 1678 1361 1710 esset.
1421 1677 1505 1710 Vid.
1528 1679 1566 1719 1,
1594 1677 1632 1719 9,

903 1735 957 1766 37.
981 1734 1049 1775 38.,
1071 1735 1124 1775 11,
1142 1735 1218 1766 350.
1262 1733 1560 1774 Respondethoc
1575 1733 1632 1764 di-

903 1790 1044 1822 stichon
1066 1789 1189 1822 verbis
1212 1797 1342 1822 versus
1358 1789 1390 1821 ⁷.
1435 1788 1497 1821 Sic
1513 1788 1633 1820 omnia

902 1853 1002 1877 sana.
1038 1843 1190 1877 Codices
1209 1845 1329 1877 tamen
1342 1843 1498 1876 variant.
1523 1844 1630 1889 Goth.

903 1908 972 1939 pro
1000 1909 1037 1931 v.
1064 1908 1135 1931 scr.
1166 1901 1203 1931 et
1233 1900 1288 1931 111
1319 1899 1440 1931 Heius.
1471 1907 1518 1930 ne
1550 1891 1633 1930 sibi.

902 1954 991 1986 Exc.
1002 1953 1126 1995 Voss„
1138 1954 1272 1986 Franc.
1291 1955 1329 1986 et
1345 1954 1398 1985 111
1413 1954 1475 1986 alii
1493 1954 1633 1995 Heius„

902 2010 940 2040 et
962 2009 1051 2050 Reg.
1075 2017 1144 2049 pro
1172 2018 1208 2041 v.
1236 2017 1308 2041 scr.
1338 2008 1383 2039 ut
1408 2007 1489 2040 sibi.
1534 2010 1631 2051 Put.,

901 2064 939 2096 V
961 2064 1024 2096 alii
1045 2064 1171 2096 Heins.·
1192 2066 1230 2097 et
1253 2065 1410 2096 eiusdem
1436 2063 1491 2094 ed.
1513 2072 1568 2103 pr.
1590 2062 1636 2094 ut

1043 2121 1174 2153 Dresd.
1187 2119 1243 2151 m'l
1258 2119 1310 2150 ut.
1346 2118 1446 2150 Leid.
1461 2126 1529 2149 nec
1544 2125 1632 2149 non.

901 2176 986 2216 Seg.
1018 2174 1064 2207 n'e
1091 2183 1177 2206 non.
1244 2173 1388 2214 Reliqui
1422 2173 1551 2212 scripti
1594 2173 1632 2204 et

900 2230 1068 2270 impressi
1095 2230 1140 2261 ut
1169 2238 1261 2270 non,
1297 2230 1446 2270 praeter
1478 2228 1554 2259 Pal.
1583 2226 1631 2270 1.,

901 2286 1006 2327 Reg„
1035 2285 1147 2326 Gall„
1175 2285 1311 2326 Berol.,
1341 2285 1448 2317 Goth.
1471 2291 1494 2315 a
1517 2284 1548 2315 2.
1571 2292 1633 2326 m.,

903 2339 962 2380 qui
990 2347 1036 2370 ne
1063 2337 1165 2371 mihi.
1194 2357 1239 2363 -
1268 2340 1365 2371 Busl.
1398 2338 1438 2371 di
1471 2338 1634 2380 faciant.

904 2395 1047 2426 Strozz.
1070 2395 1273 2435 querenda.
1326 2395 1471 2427 Pirckh.
1500 2395 1633 2426 dolen-

903 2447 955 2479 da
986 2446 1085 2479 mibi.
1112 2465 1156 2471 —
1185 2451 1239 2482 De
1280 2440 1554 2482 constructione
1593 2448 1634 2487 di

901 2502 979 2544 fac.
1003 2504 1100 2536 esset
1122 2506 1219 2537 conf.
1243 2507 1276 2548 1,
1299 2505 1335 2548 1,
1358 2505 1412 2538 58.

950 2581 1002 2613 16.
1036 2582 1148 2614 More
1187 2590 1258 2614 nec
1290 2580 1520 2615 indomiti—-
1538 2584 1632 2626 equi.

907 2635 1011 2670 eonf.
1035 2638 1086 2678 v,
1109 2638 1146 2680 2,
1169 2637 1240 2679 40„
1263 2636 1331 2680 rv,
1360 2639 1395 2681 o,
1426 2639 1459 2672 8.
1483 2638 1538 2672 24.
1584 2641 1631 2674 v.

907 2691 958 2723 18.
993 2692 1094 2724 Leid.
1117 2695 1155 2725 et
1178 2693 1274 2726 Gall.
1294 2702 1374 2726 nec.
1399 2715 1414 2730 ,ι

950 2767 1002 2799 19.
1036 2768 1158 2810 Saepe
1185 2769 1321 2812 refert.
1379 2772 1479 2805 Leid.
1508 2773 1635 2815 refert

906 2831 1030 2858 secum
1052 2822 1105 2857 sit
1131 2824 1276 2867 q‘uanta
1303 2826 1409 2860 clem.
1465 2830 1543 2862 Put.
1565 2837 1631 2862 re-
