1846 3146
217 162 317 212 256

426 122 429 129 ⁸
467 159 525 210 P.
561 159 783 210 ovmn
817 158 1132 210 NASONIS
1166 158 1507 214 'rms'rmm

221 284 388 349 Atque
422 283 600 332 utinam
631 288 836 350 pereant
869 284 1053 332 animae
1087 298 1194 332 cum
1229 297 1437 349 corpore
1468 288 1681 345 nostrae,

284 366 598 430 Effugiatque
633 365 811 415 avidos
844 382 959 432 pars
991 381 1098 415 mea
1130 366 1267 415 nulla
1298 366 1477 431 rogos!

1674 368 1740 417 60

220 449 349 498 Nam
382 450 426 497 si
459 453 613 497 morte
649 463 821 498 carens
855 464 1042 498 vacuus
1076 449 1219 499 volat
1250 449 1378 499 altus
1411 451 1461 498 in
1500 465 1644 498 auras

286 530 518 598 Spiritus,
557 536 607 580 et
642 530 795 581 Samii
830 538 941 581 sunt
968 538 1076 582 rata
1109 532 1241 583 dicta
1275 534 1430 598 senfin

220 682 251 715 1.
275 690 335 725 ιιι,
358 683 462 714 Bern.
486 682 529 713 ut
557 689 664 723 quae.
716 682 848 715 Franc.
872 690 895 714 a
917 682 948 715 1.

218 747 263 770 m.
287 740 324 769 et
348 738 457 771 Crev.
482 738 519 769 et
531 745 636 779 quae.
681 737 827 770 Malae
843 738 949 779 glos-

218 801 261 824 sa
295 795 418 825 natum
454 793 625 835 videtur,
670 801 869 834 quanquam
904 795 950 826 ad

218 855 363 880 sensum
385 847 477 880 ferri
499 849 631 888 potest.
695 848 745 880 Ut
765 857 861 891 quae
883 851 950 881 de-

218 903 299 936 beri
334 903 578 944 grammaticis
617 903 784 946 videtur,
823 905 880 946 qui
914 906 951 938 in

218 958 285 991 ino
315 958 426 990 rudis
457 959 509 990 ad
541 960 746 992 haererent.
807 958 952 993 Dicitur

218 1016 341 1047 autem
373 1023 448 1046 non
479 1015 595 1046 solum
626 1013 735 1046 rudis
768 1014 846 1057 rei,
886 1016 951 1047 sed

218 1071 327 1102 etiam
350 1068 390 1101 in
414 1077 476 1110 re,
507 1072 546 1101 ut
579 1070 653 1103 Cic.
687 1078 755 1111 pro
778 1073 895 1103 Marc.
920 1079 950 1103 c.

218 1126 252 1158 7.
276 1129 314 1158 et
335 1126 442 1166 Prop.
466 1126 515 1166 11,
539 1125 598 1168 25,
627 1126 682 1157 82.
712 1127 750 1157 et
784 1125 836 1157 ad
858 1133 950 1157 rem.

218 1182 322 1214 Pont.
346 1183 414 1225 111,
438 1181 473 1222 7,
495 1180 548 1212 17.

283 1254 356 1290 Ros,
375 1255 483 1292 quibus
507 1255 644 1283 assuevit
667 1254 761 1283 ratum
788 1255 954 1283 crudeliter

619 1300 662 1327 uti

333 1344 383 1374 Ad
415 1345 497 1373 mala
531 1345 590 1373 iam
616 1320 732 1380 pridem
756 1352 816 1372 non
848 1350 952 1372 sumus

621 1392 684 1418 ulia
701 1390 803 1418 rudes.

218 1458 301 1492 vid.
326 1459 484 1492 Broukh.
507 1461 552 1492 ad
583 1461 690 1501 Prop.
721 1461 770 1501 11,
800 1459 837 1502 8,
860 1459 892 1491 7.
916 1461 953 1491 et

217 1515 361 1547 Ruhnk.
394 1517 441 1547 ad
472 1516 604 1549 Vellei.
636 1516 681 1547 Π.
713 1523 744 1547 c.
774 1515 829 1547 23.
873 1516 951 1548 Eo-

219 1570 299 1601 dem
321 1571 427 1602 modo
458 1570 594 1602 avidus
623 1571 675 1602 ad
703 1568 851 1611 aliquia
879 1571 950 1602 Se-

217 1632 298 1657 nec.
322 1626 431 1657 Herc.
454 1626 541 1658 Fur.
564 1636 599 1658 v.
622 1626 699 1658 839.
728 1641 774 1649 ·—
803 1626 952 1667 Franc.,

217 1680 348 1713 Dresd.
373 1683 411 1714 et
434 1681 542 1714 crev.
565 1680 686 1713 habet.

264 1757 317 1789 59.
351 1756 509 1790 Animae
526 1774 572 1780 —-
589 1759 757 1791 nostrae.
821 1759 883 1791 Sic
904 1758 954 1791 li·-

215 1812 274 1844 bri
304 1816 393 1845 vett.
427 1823 496 1854 pro
520 1814 665 1846 nostro.
711 1814 821 1847 Οιοπ.
867 1814 953 1847 No-

215 1866 302 1898 stro
325 1870 416 1899 vett.
442 1869 536 1910 edd.‚
560 1870 688 1901 Dresd.
712 1871 749 1902 et
767 1870 893 1912 Crev.,
916 1872 954 1902 et

215 1920 311 1952 haud
335 1921 441 1954 dubie
471 1924 578 1955 etiam
609 1925 734 1965 plures
763 1925 884 1958 Heius.
907 1943 950 1948 —

216 1973 378 2007 Animae
405 1978 616 2020 pluraliter,
646 1982 686 2011 ut
716 1988 885 2022 corpora
908 1983 952 2012 de

218 2038 291 2062 uno
315 2031 468 2066 homine.
514 2034 597 2067 Vid.
621 2036 667 2066 ad
689 2037 755 2077 111,
780 2035 815 2076 1,
837 2035 892 2067 27.

262 2109 317 2141 60.
351 2107 455 2142 Pars
484 2118 579 2142 mea.
647 2110 751 2143 Pars
794 2110 883 2143 milei
916 2113 951 2144 V

215 2164 355 2207 (Gau,
385 2165 555 2208 Plrckh.,
583 2166 684 2198 Leid.
708 2169 745 2199 et
767 2168 829 2203 11).
875 2168 951 2198 Re-

216 2219 321 2252 ctius.
354 2220 501 2253 thvs.
548 2221 652 2254 Pars
662 2230 756 2264 mea,
768 2222 952 2262 scriptura

216 2276 374 2309 omnium
401 2283 519 2318 prope
548 2276 652 2309 codd.
685 2278 722 2309 et
745 2279 832 2310 vett.
856 2279 952 2320 edd.‚

214 2334 321 2364 recte
351 2332 384 2364 h.
414 2332 440 2364 1.
471 2332 624 2375 dicitur,
653 2334 691 2365 et
722 2340 791 2374 ego
814 2333 845 2365 si
868 2332 952 2373 quid

214 2388 361 2430 sentio,
400 2388 508 2421 etiam
545 2388 706 2430 rectius,
740 2396 844 2429 quam
877 2386 950 2419 mi-

219 2441 270 2474 Ιιί.
325 2443 408 2476 Vid.
440 2445 584 2476 omnino
614 2445 645 2485 1,
681 2443 728 2485 7,
764 2444 816 2476 11.
873 2443 949 2477 Cic.

217 2499 363 2530 multas
391 2498 529 2532 literas
559 2500 646 2532 tuas
674 2506 748 2530 uno
782 2499 952 2540 tempore

216 2553 360 2595 accepi.
407 2556 511 2598 Virg.
533 2555 614 2588 Ecl.
637 2555 687 2596 11,
710 2554 764 2586 21.

281 2617 367 2646 nine
393 2627 478 2648 meae
513 2618 625 2649 Siculis
653 2617 814 2653 errantqin
839 2617 952 2646 monti-

619 2664 675 2691 hus
693 2670 802 2698 agnae.

217 2723 392 2765 vulgaris
416 2722 537 2756 oratio
561 2723 618 2754 est
638 2729 735 2763 pars
759 2718 842 2752 mei.
896 2719 952 2751 Ad

218 2779 450 2820 sententiam,
474 2779 546 2811 vid.
569 2779 645 2816 not.
668 2777 714 2808 ad
737 2777 769 2817 1,
793 2776 831 2815 5,
854 2772 907 2805 12.

262 2846 317 2879 61.
357 2841 627 2877 Vacuus—in
670 2848 800 2874 auras.
873 2838 951 2870 Va-

1014 689 1126 716 cuam
1138 691 1329 715 -auram
1346 682 1480 725 primus
1504 682 1617 715 edidit
1631 681 1734 715 neu„-

1013 739 1104 780 sius,
1127 740 1221 780 quod
1245 740 1414 771 exhibent
1435 740 1530 780 put„
1551 738 1629 772 Pol.
1653 739 1684 771 1.
1708 745 1732 770 e

1015 794 1062 836 2.,
1085 795 1189 836 Reg.,
1212 796 1323 837 Mor„
1346 795 1467 835 Serv„
1491 793 1748 836 lun.,1‹'ranc.‚

1016 851 1049 882 X
1082 849 1145 881 alii
1173 850 1294 881 Heius.
1328 851 1365 881 et
1393 849 1550 880 eiusdem
1589 849 1645 880 ed.
1675 857 1748 890 pr.,

1017 899 1161 946 Dresd„
1182 906 1289 937 Bern.
1313 906 1350 936 et
1372 903 1452 936 nel.
1466 920 1512 926 --
1526 903 1603 935 Pal.
1623 903 1654 935 1.
1676 911 1749 934 va-

1018 967 1270 991 cua—aura.
1290 986 1298 991 ,
1333 959 1455 991 Guelf.
1483 966 1747 991 vacua—au-

1016 1024 1115 1048 ram.
1162 1016 1258 1049 Gall.
1282 1018 1320 1048 et
1343 1014 1451 1048 Crev.
1471 1021 1745 1046 vacuus—au-

1016 1079 1114 1103 ram.
1159 1069 1302 1110 Reliqui
1315 1076 1439 1102 omnes
1452 1076 1531 1100 cum
1554 1070 1644 1101 vett.
1668 1068 1749 1100 edd.

1019 1133 1365 1165 vacuas—auras,
1396 1125 1491 1165 quod
1522 1131 1600 1155 cum
1631 1122 1748 1154 maio-

1019 1189 1096 1213 rcm
1126 1181 1262 1212 habere
1294 1179 1549 1212 auctoritatem
1582 1180 1749 1212 vetusta-

1021 1237 1067 1268 tis
1090 1237 1279 1279 videatur,
1309 1235 1576 1269 revocavimus.
1621 1235 1688 1276 IV,
1712 1234 1749 1276 3,

1020 1291 1075 1323 41.

1087 1344 1217 1382 Spiritus
1238 1343 1288 1372 hi'c
1311 1352 1367 1381 per
1392 1347 1423 1372 te
1446 1343 1561 1379 patrias
1585 1343 1700 1371 exisset
1716 1341 1749 1370 in

1407 1391 1516 1415 'aux-as.

1018 1462 1161 1495 Pirckh.
1173 1465 1504 1493 vacuus—auras.
1541 1457 1621 1490 Bel.
1634 1456 1747 1488 tran-

1016 1517 1087 1550 sibi
1090 1518 1105 1550 t
1125 1517 1163 1549 in
1189 1523 1320 1548 auras.

1061 1595 1114 1633 62.
1147 1593 1275 1627 Dicta.
1331 1595 1408 1626 lun.
1438 1594 1477 1624 et
1510 1590 1574 1623 alii
1618 1588 1749 1621 verba.

1019 1654 1090 1686 Sed
1134 1652 1240 1685 dicta
1282 1649 1431 1691 proprie
1471 1647 1666 1687 usurpatur
1705 1645 1750 1676 de

1018 1708 1315 1749 philosophorum
1336 1701 1483 1746 placitis
1511 1709 1556 1733 ac
1579 1699 1750 1734 decretis.

1020 1764 1170 1796 Lucret.
1193 1763 1243 1804 11,
1266 1762 1320 1794 23.
1344 1761 1420 1802 65„
1452 1759 1556 1791 Pont.
1578 1759 1611 1800 1,
1636 1758 1673 1799 ³,
1694 1757 1752 1790 86.

1018 1818 1119 1853 Leid.
1140 1817 1228 1850 sunt
1249 1823 1378 1848 sacra.
1421 1814 1560 1847 Bmut.

1062 1892 1214 1926 Samius
1235 1901 1351 1926 senex
1373 1900 1441 1934 per
1453 1888 1681 1933 periphrasin
1694 1891 1750 1922 est
1788 1928 1789 1931 Ἰ

1019 1951 1265 1992 Pythagoras,
1296 1947 1516 1981 clarissimus
1539 1946 1604 1978 ille
1625 1946 1751 1986 philo-

1019 2007 1168 2049 sophus,
1193 2006 1252 2047 qui
1272 2006 1310 2037 in
1331 2005 1457 2044 Samo,
1480 2000 1589 2033 maris
1612 2001 1750 2042 Aegaei

1019 2062 1138 2094 insula
1160 2061 1299 2098 (Strab.
1322 2059 1418 2091 XIV.
1440 2066 1474 2097 p.
1497 2056 1607 2098 4383,
1641 2060 1749 2088 natus

1019 2119 1151 2157 postea
1173 2116 1210 2146 in
1232 2113 1372 2146 Italiam
1395 2113 1510 2154 venit,
1528 2111 1752 2144 emor-navit-

1019 2179 1090 2213 que
1123 2177 1205 2202 eam
1228 2167 1451 2209 Graeciam,
1486 2175 1582 2210 quae
1611 2175 1750 2208 magna

1019 2226 1124 2259 dicta
1150 2225 1224 2266 est,
1260 2224 1299 2255 et
1323 2222 1509 2264 privatim
1539 2224 1579 2256 et
1596 2222 1750 2265 publice

1015 2278 1358 2323 praestantissimis
1402 2279 1440 2311 et
1483 2278 1669 2311 institutis
1714 2278 1752 2310 et

1018 2336 1176 2368 artibus.
1200 2335 1275 2369 Cic.
1287 2334 1497 2367 Tusculcv.
1517 2342 1549 2367 c.
1561 2333 1593 2366 4.
1625 2334 1750 2366 Doce-

1018 2392 1081 2424 bat
1102 2393 1133 2424 is
1155 2387 1222 2433 τὴν
1243 2385 1529 2431 μετεμψύχωσιν,
1555 2390 1589 2421 h.
1612 2396 1644 2420 e.
1668 2388 1763 2420 nni-r

1018 2457 1095 2483 mos
1118 2447 1298 2479 hominum
1321 2448 1403 2486 post
1427 2447 1579 2477 mortem
1598 2451 1669 2475 non
1691 2443 1750 2475 in·-

1019 2504 1147 2544 terire,
1170 2503 1234 2534 sed
1259 2509 1369 2542 usque
1393 2500 1486 2532 alios
1509 2500 1547 2532 in
1570 2499 1652 2547 alia·
1667 2498 1748 2530 ani-

1018 2558 1188 2591 mantiam
1251 2562 1412 2596 corpora
1460 2550 1751 2598 transmigrare,

1021 2622 1124 2655 quam
1159 2613 1359 2646 doctrinam
1396 2609 1554 2642 carmine
1583 2603 1751 2641 illustra-

1020 2670 1075 2702 vit
1095 2670 1195 2703 Naso
1219 2670 1306 2702 Met.
1329 2667 1419 2708 XV,
1449 2666 1502 2698 6⁰.
1531 2674 1630 2706 seqq.
1676 2666 1750 2698 Sed
1806 2704 1810 2709 ,

1019 2727 1052 2757 h.
1073 2726 1098 2758 1.
1124 2724 1235 2765 poeta
1262 2723 1355 2755 illud
1388 2722 1525 2754 tantum
1557 2727 1579 2751 e
1608 2720 1751 2760 Pytha·
1784 2712 1798 2724 ⁶

1018 2788 1134 2822 gorae
1157 2779 1325 2812 doctrina
1347 2779 1404 2818 est
1425 2775 1629 2817 amplexus,
1655 2775 1752 2814 quod

1019 2836 1248 2877 Pythagoras
1281 2832 1419 2866 animos
1453 2829 1631 2863 hominum
1666 2831 1750 2871 post
