1846 3146
137 207 237 257 364

396 201 454 252 Ρ.
490 196 714 252 O'VIDII
747 187 1066 246 NASONIS
1103 184 1447 237 TRISTIUM

139 329 464 389 Invenietque
497 323 699 380 animus,
736 334 830 384 qua
864 304 1048 365 currus>
1068 313 1260 377 spectet
1298 307 1534 356 eburnos:

209 410 300 461 Sic
336 412 471 458 certe
505 407 555 453 in
588 404 748 470 patria
780 414 870 467 per
902 398 1058 448 breve
1092 399 1279 458 tempus
1318 405 1419 438 ero.

141 494 280 543 Vera
312 497 471 540 tamen
506 489 666 554 capiet
699 482 910 551 populus
945 475 1231 545 spectacula
1250 461 1406 532 felix,
1599 466 1671 515 ,65

210 577 464 638 Laetaque
500 574 593 620 erit
625 582 861 637 praesens
892 579 1004 619 ,eum
1039 560 1165 609 duce
1200 556 1341 605 turba
1373 569 1478 603 suo.
1663 554 1666 555 ’

147 661 220 710 At
252 658 367 707 mihi
403 656 603 720 fingenti
636 656 819 701 tantum
849 648 1098 710 longeque
1132 645 1319 690 remoto

216 740 436 791 Auribus
468 739 550 787 hic
584 737 774 785 fructus
807 726 1155 798 percipiendus
1188 725 1306 782 erit3

150 821 544 891 Atque‚'prooul
577 819 724 868 Latio
761 814 1009 864 diversum
1043 811 1217 858 missus
1251 807 1303 852 in
1337 801 1519 859 orbem,

154 936 162 947 =
220 910 316 970 Qui
349 910 515 956 narret
550 900 746 968 cupido,
782 900 874 947 vix
908 897 1016 954 erit,
1052 894 1147 940 ista
1179 887 1307 936 mihi.
1619 871 1684 927 70

154 997 206 1046 Is
242 1006 433 1059 quoque
469 991 564 1037 iam
604 1000 765 1035 serum
809 980 996 1029 referet
1027 979 1343 1034 veteremque
1376 962 1685 1031 triumphumn

203 1077 331 1137 Quo
367 1080 527 1123 tamen
561 1067 764 1119 audiero
799 1069 1033 1128 tempore,
1068 1058 1228 1106 laetus
1263 1066 1364 1101 ero.

158 1161 255 1211 Illa
291 1159 398 1208 dies
431 1156 617 1212 vemet,
654 1165 760 1199 mea
795 1163 888 1211 qua
921 1140 1150 1206 lugubria
1182 1151 1373 1203 ponam,

229 1242 491 1306 Causaque
525 1238 721 1304 privata
754 1229 952 1297 publica
983 1225 1135 1272 maior
1169 1220 1276 1269 erit.

161 1397 226 1430 let.
251 1410 293 1417 —-
323 1392 453 1426 Dresd.
484 1397 574 1422 non
602 1383 705 1418 sinit.
758 1381 835 1414 Pal.
866 1379 896 1412 1.
933 1420 936 1421 ⁷

163 1447 256 1485 cinit
276 1449 348 1482 illa
370 1445 467 1480 boni.

211 1539 264 1572 63.
296 1533 543 1575 Invenietque
580 1527 740 1563 animus.
805 1527 900 1566 put„

168 1596 284 1637 Leid„
306 1593 470 1633 Pirckh.,
483 1589 610 1622 Hamb.
623 1588 660 1618 et
671 1585 764 1617 alius
777 1581 900 1614 Heius.

166 1649 391 1691 invenitque.
477 1643 617 1678 Richel.
650 1637 902 1678 inveniantque.

169 1711 280 1748 Mor„
303 1713 395 1737 unus
430 1701 561 1735 Medic.
591 1699 628 1730 et
660 1696 752 1728 alius
782 1692 904 1726 Heius.

172 1761 406 1802 invenietque
427 1757 540 1790 viam.
592 1753 691 1786 Rott.
720 1745 905 1781 inveniet-

176 1827 244 1861 que
274 1823 402 1849 arcem
431 1815 469 1844 et
497 1810 618 1844 Guelf.
648 1807 783 1839 artem.
829 1805 907 1844 Ap-

173 1877 301 1917 paret,
337 1878 428 1912 quae
451 1875 546 1899 nuno
569 1873 637 1905 pro
661 1862 814 1902 vulgata
837 1859 908 1899 est,

175 1930 394 1971 scripturam
418 1925 491 1956 inv.
507 1921 614 1954 *viam
637 1925 753 1960 prope
773 1914 909 1947 nullam

175 1986 310 2018 habere
334 1980 588 2014 auctoritatem
614 1970 819 2008 vetustatis.

224 2040 370 2074 Currus
393 2033 526 2069 eburm'
549 2034 632 2064 sunt
650 2026 912 2067 triumphales,

178 2098 226 2131 sit
254 2095 363 2128 venia
392 2092 498 2132 voci,
530 2090 642 2121 ebore
681 2087 790 2124 atque
820 2088 912 2112 auro

180 2151 360 2186 exornati.
412 2150 501 2181 Hor.
522 2142 637 2184 Epod.
660 2142 724 2180 IX,
749 2137 801 2170 21.
826 2143 911 2167 eos-

185 2211 264 2241 dem
295 2213 432 2238 aureos
462 2203 599 2241 vocat,
630 2199 668 2229 et
692 2195 772 2228 aliis
795 2193 831 2224 iu
853 2191 914 2223 lo-

183 2266 235 2298 cis
258 2266 342 2295 sunt
366 2257 508 2293 aurati.
561 2254 642 2287 vid.
678 2248 843 2284 Seneffer
872 2246 916 2276 de

182 2329 225 2354 re
252 2319 368 2351 vehic.
394 2317 440 2348 ΙΙ.
465 2323 496 2346 c.
521 2312 574 2344 13.

232 2374 411 2407 Eburnos
435 2378 502 2412 pro
522 2367 703 2400 eburneos
719 2357 812 2398 apud
825 2352 917 2395 poe-

188 2434 243 2464 tas
264 2429 422 2470 saepius.
466 2425 570 2457 Pont.
594 2422 663 2462 111,
687 2417 723 2457 4,
744 2414 797 2445 45.
842 2411 919 2443 Eo-

189 2489 267 2520 dem
299 2486 405 2518 modo
439 2483 525 2514 Her.
559 2479 632 2519 XI,
662 2475 715 2507 76.
736 2468 920 2515 fraxinus

190 2553 258 2586 pro
286 2539 506 2585 fraxineas,
541 2533 628 2566 alibi
651 2530 767 2562 ae'mts
789 2526 853 2559 vel
877 2531 922 2555 a-

191 2600 306 2632 hemes
330 2605 396 2637 pro
421 2594 569 2625 ae‘neus.
593 2606 637 2611 -—-
659 2589 766 2619 Bern.
782 2587 924 2614 currus

192 2663 294 2697 quos.
326 2654 512 2693 Seg.quos
525 2652 674 2680 currus.
708 2643 804 2674 Mor.
830 2643 922 2668 cur-

193 2718 261 2743 ras
284 2716 368 2750 qna.
417 2707 514 2738 Idem
535 2706 630 2736 Mor.
644 2711 678 2732 v.
696 2700 748 2731 65.
762 2693 926 2735 spectac.

192 2771 373 2808 praesens
405 2765 441 2793 et
464 2771 498 2792 v.
522 2760 574 2791 66.
602 2754 711 2799 felioe.
764 2754 862 2792 Iun..,
890 2749 926 2780 11

197 2820 258 2853 alii
276 2818 397 2852 nefins.
420 2819 457 2849 et
480 2818 584 2847 Bern.
607 2810 771 2854 populus
795 2802 928 2846 capiet.

242 2910 295 2942 67.
326 2902 510 2947 Fiteyeute'.
556 2900 693 2941 Pom„
713 2897 787 2930 Pal.
808 2896 854 2936 2.,
878 2894 930 2926 111

964 1374 1027 1407 alii
1050 1371 1174 1405 Heius.
1197 1371 1234 1401 et
1248 1361 1563 1406 Guelffinyendm
1597 1360 1693 1394 Gall.

962 1430 1138 1474 finyetar.
1184 1424 1260 1458 Pal.
1276 1424 1308 1455 2.
1329 1422 1365 1454 et
1387 1419 1509 1453 Gueln
1527 1414 1697 1449 remotis.

956 1487 1011 1518 ·V.
1041 1485 1095 1517 68.
1129 1483 1214 1514 Vat.
1248 1479 1278 1511 1.
1287 1500 1301 1520 ,
1331 1477 1408 1510 Pol.
1434 1475 1483 1517 1.,
1518 1473 1639 1514 Leid„
1661 1471 1698 1503 11

968 1542 1030 1574 alii
1053 1539 1175 1572 Heius.
1200 1537 1236 1567 et
1260 1532 1380 1566 Guelf.
1401 1527 1699 1572 perspiciendus.

968 1598 1069 1630 vett.
1094 1594 1173 1625 edd.
1196 1588 1366 1631 praec-ip.
1413 1586 1533 1620 Guelf.
1551 1585 1700 1628 fluctus.

1015 1662 1068 1694 68.
1100 1655 1300 1700 „Auribus
1322 1654 1508 1693 (tantum)
1532 1650 1592 1684 hic
1610 1651 1702 1694 fru-

972 1717 1056 1750 ctus
1078 1712 1166 1746 mihi
1183 1709 1474 1752 percipiendus.-
1499 1717 1546 1740 ac
1559 1707 1626 1740 vim
1641 1709 1702 1745 (a—

972 1772 1103 1814 liquis)
1139 1767 1231 1810 erit,
1277 1765 1341 1809 qui
1376 1774 1396 1797 e
1424 1762 1536 1797 Latio
1568 1760 1705 1794 ntis-sus

975 1821 1135 1868 (σταλεὶς
1160 1826 1194 1856 h.
1224 1831 1255 1855 e.
1284 1821 1491 1863 profectus)
1514 1817 1554 1850 in
1578 1817 1706 1850 orbem

975 1883 1164 1917 diversum
1189 1880 1239 1919 (1,
1264 1878 1301 1919 3,
1324 1876 1417 1917 19³,
1448 1875 1518 1906 huc
1548 1874 1585 1906 in
1609 1874 1708 1914 Scy-

976 1940 1101 1980 thiam,
1136 1930 1239 1967 etc.“
1280 1932 1385 1966 Conf-
1409 1931 1475 1970 ΠΙ,
1506 1928 1563 1970 13,
1588 1929 1641 1960 37.
1665 1942 1710 1950 -·

976 1997 1024 2028 V.
1040 1995 1093 2027 69.
1115 1994 1226 2031 Mor„
1251 1989 1371 2027 Sena,
1382 1985 1435 2016 IV
1451 1983 1512 2015 alii
1528 1983 1651 2015 Heius.
1673 1982 1711 2014 et

979 2051 1034 2081 ed.
1053 2050 1188 2079 Bonon.
1210 2043 1334 2084 utque.
1380 2039 1485 2071 narb.
1498 2038 1611 2079 atque
1634 2035 1711 2068 ali-

979 2103 1071 2146 quis.
1119 2101 1227 2134 Crev.
1257 2105 1304 2128 ac
1329 2092 1712 2136 procul—diversus.

981 2158 1166 2192 Diversus
1190 2154 1296 2186 etiam
1318 2159 1388 2192 pro
1403 2160 1438 2182 v.
1451 2157 1522 2182 scr.
1537 2148 1656 2187 Ber-ol.
1667 2147 1713 2180 V.

982 2214 1036 2247 71.
1068 2212 1144 2244 Pal.
1169 2210 1215 2254 1„
1235 2207 1442 2241 exc.Voss.
1465 2207 1502 2238 et
1523 2205 1613 2245 Beg.
1637 2203 1716 2235 tam

983 2276 1119 2302 serum.
1165 2266 1211 2298 V.
1236 2264 1289 2296 72.
1327 2261 1428 2303 Pol.,
1458 2261 1488 2293 1.
1513 2262 1550 2292 et
1573 2259 1629 2290 111
1652 2256 1717 2289 alil

985 2325 1108 2358 Heius.
1133 2319 1280 2353 audito.

1028 2392 1083 2424 73.
1125 2386 1266 2420 Veniet.
1326 2383 1456 2417 Scribe
1485 2377 1613 2412 veniat
1642 2376 1719 2417 (ita

987 2444 1142 2485 Ber-om,
1163 2445 1203 2475 ut
1226 2442 1293 2481 111,
1318 2442 1354 2481 5,
1377 2441 1430 2471 55.
1454 2438 1490 2468 et
1501 2435 1606 2467 Pont.
1627 2433 1659 2473 1,
1682 2430 1719 2472 4,

989 2503 1042 2535 57.
1078 2499 1226 2532 Ham-s.
1270 2495 1375 2538 Quod
1398 2492 1470 2525 illis
1491 2489 1585 2522 locis
1607 2483 1721 2539 poeta

992 2559 1116 2599 optat,
1158 2554 1245 2587 nihil
1277 2545 1394 2584 refer't'
1432 2548 1478 2579 ad
1514 2543 1615 2577 huius
1649 2538 1723 2572 loci

991 2612 1222 2652 scripturam.
1268 2606 1463 2646 vulgatam
1480 2596 1611 2638 veniet,
1632 2600 1724 2636 quae

993 2670 1048 2701 est
1077 2665 1195 2699 oratio
1231 2657 1469 2698 affirmantis,
1505 2654 1652 2686 tuentur
1688 2649 1726 2680 et

992 2726 1169 2757 librorum
1193 2720 1358 2751 veterum
1381 2717 1578 2746 consensus
1596 2707 1633 2737 et
1657 2704 1725 2736 bo-

995 2779 1088 2812 nitas
1111 2773 1325 2808 sententiae.
1371 2768 1455 2802 Vid.
1477 2765 1523 2797 ad
1545 2761 1614 2802 111,
1637 2759 1674 2800 3,
1695 2759 1727 2789 5.

1039 2828 1249 2873 Luqaecbria,
1297 2823 1515 2858 vestimenta
1548 2813 1728 2858 lugubria.

999 2890 1086 2922 Met.
1110 2887 1178 2927 XI,
1202 2883 1278 2917 669.
