1846 3146
195 161 296 212 32⁰

1510 63 1546 101 ο
1574 43 1578 49 .

436 161 496 212 Ρ.
533 160 756 213 OVIDII
788 160 1106 246 NASONIS
1141 164 1486 219 TRISTIUM
1512 157 1518 171 “

548 375 892 425 ELEGIA
935 378 1128 425 xm.
1176 380 1380 436 (XII.)

236 487 403 531 scythici
425 487 527 521 veris
547 488 860 523 iniucunditatem
880 490 938 524 ita
960 491 1153 534 describit,
1182 494 1228 525 ut
1257 494 1488 538 voluptates,
1511 501 1608 536 quae
1627 493 1728 527 illud

281 544 372 579 anni
396 545 541 586 tempus
564 544 688 577 Italia
709 545 858 588 habeat,
891 548 1052 580 secessui
1086 548 1285 581 Tomitano
1311 551 1490 592 opponat.
1545 550 1659 582 Inter
1681 559 1728 582 ea

281 603 405 634 tamen
427 598 668 633 incommoda
689 609 714 632 a
737 609 826 633 vere
847 600 945 634 illud
974 602 1066 635 laeti
1094 613 1174 637 sese
1203 613 1366 645 sperare
1400 604 1504 646 dicit,
1528 605 1629 646 quod
1648 603 1727 637 iam

280 655 422 688 nautae
444 653 483 686 in
507 654 672 687 Pontum
694 654 774 686 sint
793 657 955 700 venturi,
979 667 1004 690 a
1026 658 1167 702 quibus,
1191 659 1283 702 quid
1305 660 1451 693 Romae
1476 661 1628 701 agatur,
1650 658 1725 692 im-

276 710 413 755 primis
437 711 563 743 autem
585 711 684 743 illud
706 710 841 744 audire
863 711 1006 754 cupiat,
1030 712 1233 747 Caesarem
1256 723 1282 747 a
1303 714 1505 749 Germanis
1522 714 1726 749 victoriam

277 767 512 810 reportasse.
562 766 1181 810 Vid.Fast.1,151.,111‚235.
1232 783 1239 789 «

186 894 400 958 Frigora
431 893 526 940 iam
559 891 786 958 Zephyri
819 895 1049 954 minuunt,
1086 910 1310 960 annoque
1341 902 1544 964 peracto

251 976 476 1041 Longior
510 976 720 1041 antiquis
755 978 868 1025 visa
900 977 1115 1027 Maeotis
1149 976 1328 1042 hiems3

398 1127 581 1160 ELEGIA
604 1128 704 1159 XIII.

229 1183 260 1217 1.
291 1181 461 1224 Longior
485 1181 652 1224 antiquis
671 1182 741 1214 etc.
786 1184 863 1217 Pal.
887 1185 917 1218 1.

182 1242 223 1274 et
244 1240 276 1272 2.
301 1240 338 1271 et
359 1240 449 1271 vett.
463 1239 542 1270 edd.
559 1237 724 1271 tardior.
770 1241 917 1274 Pirckh.

182 1294 346 1337 zaryior.
391 1294 468 1326 Pal.
492 1295 539 1335 2.,
562 1294 639 1325 Pol.
666 1294 694 1325 1.
719 1296 755 1327 et
774 1297 824 1338 2.,
846 1298 918 1329 Be-

181 1354 253 1387 rol.
276 1354 314 1384 et
336 1351 425 1383 vett.
449 1351 529 1381 edd.
554 1349 725 1391 antiqua.
769 1352 835 1384 Ed.
859 1361 915 1393 pr.

179 1409 303 1443 Heius,
337 1405 422 1448 ipsa
456 1405 631 1438 Maeotis.
690 1407 916 1448 Interpretes

180 1465 245 1497 alii
266 1466 383 1497 totum
402 1452 475 1494 hoc
508 1460 684 1494 distichon
710 1466 915 1504 suspectum

178 1519 399 1560 habuerunt,
412 1517 505 1558 quod
528 1517 622 1548 haud
645 1517 813 1551 idoneum
829 1528 915 1552 sen-

178 1584 258 1608 sum
282 1574 500 1616 praeberet,
530 1572 593 1604 alii
629 1573 858 1608 offenderunt
881 1576 917 1608 in

180 1632 356 1671 correpta
378 1629 495 1670 prima
516 1628 621 1660 vocis
645 1628 810 1661 Maeotis
833 1631 917 1672 syl-

180 1686 287 1728 laba,
317 1685 410 1716 alias
438 1685 571 1725 longa,
607 1686 646 1716 ut
676 1685 779 1717 Pout.
806 1687 856 1727 11,
879 1686 916 1728 2,

177 1743 231 1774 3⁰.
279 1741 360 1773 Sed>
376 1740 420 1771 de
453 1738 650 1780 posteriori
681 1740 912 1781 difficultate,

179 1798 325 1838 constat
359 1804 383 1827 a
413 1795 566 1828 Graecis
601 1795 842 1836 diphthongos
876 1797 914 1827 et

178 1851 346 1893 syllabas
373 1852 506 1882 natura
528 1851 658 1891 longas
687 1854 772 1883 ante
794 1859 913 1883 voca-

175 1907 232 1940 les
255 1907 292 1938 in
315 1906 440 1938 mediis
469 1906 592 1937 verbis
623 1914 734 1947 saepe
758 1908 912 1949 corripi,

177 1964 218 1996 ut
240 1963 285 1994 ab
309 1961 432 2002 Eurip.
455 1963 541 1993 Hec.
566 1971 602 1993 v.
632 1962 685 1993 64.
708 1958 853 2003 γεραιὸς
875 1966 912 1996 et

176 2027 213 2051 v.
243 2017 298 2049 ⁵78.
327 2011 512 2057 πατρώου.
565 2016 649 2048 Vid.
672 2017 722 2048 ibi
755 2018 910 2059 interpp.

178 2075 216 2106 et
239 2073 359 2104 Herm.
388 2072 564 2104 Element.
595 2076 699 2104 metr.
729 2083 764 2113 p.
796 2074 849 2104 50.
875 2076 911 2105 et

176 2129 357 2169 Spitzner.
381 2127 532 2168 Prosod.
557 2127 620 2159 Gr.
639 2127 673 2166 S.
691 2128 721 2159 6.
759 2127 911 2160 Constat

175 2191 290 2224 porro
314 2183 464 2215 Latinos
491 2182 526 2214 in
564 2182 766 2214 nominibus
790 2183 909 2215 Grae-

178 2239 231 2271 cis
254 2239 356 2279 sequi
379 2238 613 2279 quantitatem
639 2240 676 2270 et
703 2238 908 2270 libertatem

176 2294 427 2335 Graecorum,
457 2295 494 2326 et
524 2293 668 2326 omnino
697 2293 735 2326 in
765 2294 909 2335 quanti-

175 2351 252 2381 tate
276 2350 552 2391 peregrinorum
578 2349 776 2385 verborum
798 2355 910 2389 saepe

174 2404 369 2437 liberiores
400 2413 482 2437 esse
511 2406 730 2445 multumque
756 2403 824 2435 sibi
846 2411 908 2435 as-

172 2467 329 2491 sumere.
375 2460 458 2492 Vid.
481 2461 527 2492 ad
551 2461 716 2502 Her.VI,
729 2460 909 2502 99.,X1V,

173 2515 243 2556 73„
258 2515 360 2556 XVI,
377 2514 466 2558 173„
481 2517 566 2558 XV,
581 2518 635 2548 57.
669 2517 755 2548 Iahn
778 2523 798 2547 e
815 2517 909 2547 Pru-

173 2571 269 2602 dent.
302 2571 462 2604 cathem.
502 2569 593 2604 ΝΠ.
635 2570 709 2603 124.
744 2571 910 2604 laudavit

173 2625 424 2667 Maeandros,
446 2626 563 2667 prima
586 2626 702 2658 brevi.
749 2625 852 2658 Prae
870 2626 908 2657 in

172 2681 385 2722 compositis
410 2684 496 2713 ante
516 2682 669 2714 vocales
686 2681 821 2722 corripi
838 2689 908 2716 no.-

170 2738 246 2769 tum
259 2738 328 2778 est,
348 2739 388 2768 ut
408 2739 582 2778 correpta
600 2737 748 2778 syllaba
768 2745 813 2768 ae
826 2744 871 2768 ne
884 2744 907 2768 a

171 2791 303 2826 Latino
337 2792 477 2832 quidem
506 2799 675 2824 sermone
706 2793 906 2824 abhorrere

171 2849 350 2882 videatur.
369 2846 432 2880 Sic
439 2846 543 2889 Virg.
556 2848 599 2880 A.
609 2848 692 2880 VII.
701 2847 776 2881 514.
783 2855 902 2888 prae-

985 1130 1103 1172 ustas,
1128 1131 1230 1165 Ovid.
1255 1133 1343 1165 Met.
1370 1131 1459 1174 vn,
1483 1132 1558 1165 131.
1572 1140 1720 1174 praea-

986 1186 1106 1227 cutus,
1129 1188 1228 1219 Fast.
1250 1189 1282 1230 1,
1306 1188 1359 1219 81.
1379 1189 1579 1229 praeeunt,
1601 1190 1718 1230 prima

984 1243 1133 1283 syllaba
1156 1243 1270 1275 brevi.
1298 1271 1300 1275 ,
1321 1243 1500 1284 Virgilius
1531 1244 1639 1277 etiam
1668 1254 1716 1278 ae

985 1297 1021 1329 in
1048 1306 1142 1330 nom.
1173 1299 1268 1340 plur.
1290 1299 1428 1339 primae
1465 1299 1558 1332 decl.
1597 1301 1718 1334 corri-

982 1352 1062 1392 puit
1097 1353 1232 1394 Georg.
1264 1355 1347 1396 IV,
1381 1354 1456 1387 461.
1491 1358 1528 1387 et
1562 1357 1605 1398 1,
1641 1356 1716 1389 487.

982 1409 1105 1441 Maior
1139 1409 1333 1442 difficultas
1367 1412 1424 1443 est
1458 1411 1587 1444 altera.
1637 1413 1733 1445 Ex-

981 1468 1185 1505 spectamus
1211 1465 1303 1496 enim
1326 1467 1412 1505 post
1429 1464 1716 1507 friyora—-mt'-

983 1520 1122 1561 nuunt,
1151 1520 1183 1552 si
1210 1528 1357 1552 versum
1388 1521 1534 1552 tertium
1556 1520 1716 1562 respici-

982 1583 1076 1617 mus,
1099 1575 1180 1607 illa:
1201 1574 1357 1618 frigora
1373 1573 1450 1607 iam
1461 1575 1628 1616 Zephyri
1640 1575 1714 1608 mi-

982 1630 1122 1671 nuunt,
1157 1630 1363 1662 continuari
1393 1632 1431 1663 et
1459 1632 1614 1673 exponi,
1644 1633 1715 1664 hoc

982 1686 1063 1718 fere
1090 1687 1214 1718 modo:
1246 1687 1282 1718 et
1302 1684 1418 1718 hiems
1441 1684 1513 1717 illa
1533 1685 1714 1726 Scythica
1755 1722 1764 1730 ,

982 1739 1106 1772 invisa
1129 1764 1139 1772 .
1163 1763 1172 1772 .
1197 1764 1206 1772 .
1229 1742 1382 1774 tandem
1402 1739 1621 1783 praeteriit,
1649 1742 1712 1774 vel

981 1796 1099 1828 simile
1121 1797 1215 1838 quid.
1260 1795 1374 1838 Quam
1398 1796 1647 1829 difficultatem
1669 1805 1713 1829 e-

979 1851 1030 1883 rit
1052 1852 1228 1893 sortasse,
1257 1852 1317 1892 qui
1345 1852 1403 1898 ¹⁶¹².
1426 1851 1510 1884 tolli
1531 1852 1649 1893 putet,
1673 1852 1714 1884 ut

979 1905 1126 1947 poetam
1149 1907 1272 1938 statim
1290 1907 1336 1938 ad
1352 1907 1492 1945 tristem
1504 1915 1606 1939 suam
1621 1915 1714 1940 con-

980 1961 1150 1994 ditionem
1179 1963 1396 2004 tangendam
1430 1962 1549 1994 delabi
1570 1962 1711 2004 intelli-

977 2018 1052 2057 gat.
1108 2014 1319 2057 Quanquam
1367 2024 1412 2048 ea
1453 2016 1711 2058 mterpretatio

977 2069 1062 2101 mihi
1085 2070 1225 2111 quidem
1248 2080 1321 2104 non
1340 2071 1528 2112 probatur.
1572 2071 1712 2114 Accipe
1767 2078 1776 2085 ·

975 2125 1087 2165 igitur
1109 2125 1264 2158 alteram
1287 2135 1332 2159 ac
1346 2135 1494 2169 novam,
1509 2135 1611 2168 quam
1624 2130 1712 2160 ante

976 2183 1108 2215 multos
1140 2191 1254 2215 annos
1285 2184 1332 2214 ad
1365 2183 1460 2214 hunc
1499 2176 1622 2215 locum
1654 2183 1710 2215 his

975 2238 1099 2270 verbis
1123 2241 1351 2272 annotaram.
1392 2237 1463 2280 „Si
1483 2233 1587 2270 nulla'
1608 2239 1710 2271 facta

975 2294 1232 2334 zephyrorum
1276 2285 1476 2328 mentione¹
1499 2286 1709 2335 legeretur:

975 2348 1063 2380 Iam
1086 2357 1184 2380 anno
1205 2349 1366 2389 peracto
1387 2348 1542 2391 frigora
1559 2346 1706 2390 minuit,

977 2403 1127 2445 lonqior
1150 2402 1316 2446 antiquis
1338 2402 1426 2436 mihi
1449 2403 1548 2446 visa,
1571 2403 1707 2436 Maeo-

976 2459 1026 2492 tis
1046 2459 1176 2503 hiems,
1198 2468 1324 2501 parum
1343 2459 1523 2492 sententia
1540 2459 1705 2501 haberet,

975 2516 1071 2555 quod
1103 2515 1232 2547 merito
1266 2516 1392 2555 posset
1415 2514 1626 2546 offendet-e:—
1647 2513 1705 2545 di-

976 2578 1139 2603 ceremus
1172 2570 1280 2613 enim,
1309 2569 1424 2613 hiems
1461 2566 1599 2600 minuit
1624 2566 1706 2611 fri-

972 2633 1072 2666 qora
1094 2634 1174 2658 esse
1197 2635 1266 2667 pro
1289 2624 1451 2658 remittit
1469 2622 1635 2667 frigora,
1667 2626 1707 2656 et

974 2682 1188 2714 afferremus
1212 2681 1394 2723 exempla,
1427 2679 1463 2711 in
1489 2680 1614 2720 quibus
1638 2687 1705 2712 ea-

973 2738 1053 2769 dem
1077 2737 1229 2769 audacia
1258 2744 1342 2768 usos
1372 2741 1453 2766 esse
1479 2733 1611 2774 poetas
1634 2742 1704 2776 ap-

970 2794 1142 2834 pareret,
1172 2792 1275 2825 velut
1302 2792 1390 2824 Hor.
1418 2790 1533 2831 Epod.
1558 2791 1617 2831 11,
1647 2789 1702 2822 29.

969 2846 1022 2878 30.
