1846 3146
141 180 155 211 ι
359 182 365 186 ’
779 173 910 222 LIB.
943 172 1009 221 Π.

1550 156 1649 225 153

134 275 394 358 Turbaque
430 293 682 356 doctorum
713 293 965 344 Nasonem
996 294 1152 354 novit,
1187 298 1239 343 et
1270 293 1420 344 audet

195 376 314 425 Non
346 375 579 425 fastiditis
613 390 934 431 annumerare
960 377 1097 424 viris,

1552 378 1650 427 120

134 455 332 507 Corruit
363 458 487 508 haec
517 460 667 523 igitur
698 458 856 508 Musis
890 462 1110 525 accepta,
1145 458 1235 508 sub
1270 474 1382 518 uno,

142 524 145 532 ’
200 538 306 609 Sed
338 556 435 590 non
468 543 666 605 exiguo,
701 541 900 590 crimine
933 540 1074 607 lapsa
1108 539 1303 600 domus3

133 615 300 686 Atque
333 637 393 671 ea
425 623 499 671 sic
529 621 671 688 lapsa
703 626 795 683 est,
832 626 886 671 ut
916 637 1136 687 surgere,
1171 623 1216 671 si
1248 621 1409 672 modo·
1426 622 1552 673 laesi

187 703 522 754 *Ematuruerit
557 702 788 754 Caesaris
821 706 910 764 ira,
944 709 1102 769 queat.

134 784 287 837 Cuius
317 788 369 835 in
402 792 583 837 eventu
616 802 805 855 poenae
839 786 1096 836 clementia
1128 790 1262 836 tanta
1295 793 1385 847 est,

1547 787 1647 837 125

195 868 264 918 Ut
295 868 443 918 fuerit
474 875 642 919 nostro
676 870 835 919 lenior
869 869 959 917 illa
990 873 1134 919 metu.

127 948 248 999 Vita
280 949 393 999 data
426 957 503 1001 est
536 955 757 1018 citraque
786 968 957 1002 necem
990 957 1073 1000 tua
1102 953 1319 1000 constitit
1351 953 1439 1011 ira,

136 1031 138 1033 ’
198 1030 242 1082 0
275 1032 528 1101 Princeps,
562 1050 711 1102 parce
742 1035 931 1085 viribus
965 1049 1053 1083 use
1087 1035 1197 1082 tuis.

128 1114 334 1181 Insuper
366 1112 605 1166 accedunt
637 1123 687 1167 te
718 1133 816 1167 non
849 1117 1089 1166 adimente
1102 1119 1370 1182 paternae,

194 1197 446 1263 Tanquam
477 1202 583 1249 vita
616 1218 782 1268 pamm
812 1201 1022 1250 muneris
1057 1202 1210 1259 esset,
1244 1213 1379 1264 opes.

1546 1196 1645 1247 130

129 1278 243 1330 Nec
275 1295 381 1329 mea
413 1280 613 1332 decreto
649 1283 884 1348 damnasti
916 1282 1049 1332 facta
1082 1284 1296 1340 senatus,

192 1361 306 1412 Nec
338 1378 444 1413 mea
474 1364 663 1416 selecto
693 1365 857 1416 iudice
888 1366 1023 1414 iussa
1054 1351 1175 1429 fuga
1208 1367 1311 1423 est3

129 1473 177 1516 1.,
200 1474 310 1517 Gall„
332 1473 386 1506 VI
406 1473 469 1507 alii
490 1475 610 1508 Heius.
633 1477 672 1508 et
693 1476 852 1510 eiusdem

126 1529 182 1561 ed.
204 1538 273 1572 pr„
295 1531 414 1571 Rem,
436 1530 572 1573 Berol.‚
603 1531 727 1573 crev.,
751 1531 849 1574 Seg.,

126 1579 206 1615 Bel.
228 1592 298 1624 pro
320 1593 356 1616 v.
377 1593 449 1617 scr.
471 1584 511 1617 in
534 1585 635 1628 orbe,
658 1587 751 1627 quod
770 1594 848 1619 cum

124 1637 291 1678 vulgaris
313 1638 432 1671 oratio
454 1640 516 1682 sit,
549 1641 633 1672 mihi
654 1637 849 1682 ποιητικώ-

123 1698 230 1732 τερον
240 1691 329 1724 illud
350 1693 398 1725 ab
411 1694 511 1735 orbe,
534 1694 724 1736 genuinum
743 1695 848 1727 vide-

125 1747 197 1778 tur.
239 1747 383 1781 Pirckh.
403 1757 535 1782 nomen
547 1757 696 1791 semper
717 1748 758 1781 in
779 1758 848 1782 or-

125 1799 169 1832 be
187 1801 286 1843 fero.

170 1865 245 1898 119.
276 1865 409 1910 Audet,
432 1877 505 1903 non
526 1837 766 1914 spernitfluou
787 1873 847 1904 fa-

123 1919 223 1953 stidit
257 1921 353 1955 inter
387 1924 490 1958 viros
533 1927 678 1958 referre
714 1926 847 1969 ingenii

123 1974 232 2008 laude
253 1980 509 2017 praestantes.
524 1981 639 2027 *Confi
660 1982 764 2014 Pont-
777 1983 845 2024 IV,

103 2073 105 2075 Ι
124 2028 178 2062 16.
227 2029 357 2064 Turba
375 2034 426 2076 V,
448 2035 484 2077 3,
506 2035 560 2068 47.

169 2095 243 2129 122.
275 2097 364 2131 Non
385 2099 534 2145 e-m’yuo,
552 2103 722 2136 adulandi
734 2112 843 2137 caus-

122 2157 166 2182 sa
191 2152 309 2195 addit,
338 2155 390 2188 uti
419 2158 526 2189 etiam
554 2159 716 2201 reliqua,
753 2169 844 2201 quae

123 2208 334 2250 sequuntur,
355 2217 402 2241 ne
423 2210 553 2244 iniuste
569 2221 592 2244 a
605 2215 771 2256 Principe
782 2225 844 2248 se-

121 2266 164 2290 se
199 2263 470 2300 condemnatum
504 2268 611 2300 dicat.
671 2270 776 2303 Conf.
807 2281 843 2303 v.

122 2314 194 2355 83„
216 2316 248 2357 1,
270 2317 306 2359 6,
329 2304 842 2377 ⁵-2W—<th

121 2371 198 2403 Pal.
230 2371 290 2414 2.,
324 2373 470 2417 Guelf„
505 2377 611 2410 crev.
645 2380 682 2411 et
714 2380 749 2411 11
781 2377 844 2413 alii

122 2425 245 2458 Heius.
279 2428 346 2459 sed
376 2428 510 2461 tamen.
563 2433 693 2466 Frauc.
717 2443 786 2475 pro
806 2445 842 2468 v.

121 2489 194 2513 scr.
226 2489 302 2513 non
346 2483 478 2516 tamen.
544 2487 633 2519 Exc.
661 2489 768 2520 Voss.
805 2491 843 2522 et

121 2536 264 2569 Pirckh.
287 2537 403 2569 laesa.
447 2540 523 2572 Iun.
544 2543 690 2574 nostra.

165 2599 239 2632 123.
271 2600 393 2644 Atque
414 2613 468 2638 ea.
513 2608 614 2640 Rich.
634 2607 748 2649 atqui.
790 2610 843 2642 U-

97 2650 100 2654 '
122 2661 188 2687 nus
208 2655 293 2689 vat.
316 2659 358 2689 at
379 2666 474 2700 quae
494 2660 559 2693 sic.
604 2664 698 2695 Mor.
719 2671 766 2695 ac
787 2663 843 2696 sic

122 2709 236 2748 lapsa
257 2710 404 2752 quidem
426 2715 491 2746 est.
535 2716 653 2750 Guelf.
664 2718 701 2751 si
721 2719 840 2761 lapsa.

122 2764 216 2798 Gan.
237 2766 343 2799 laesa
364 2769 428 2800 est.

166 2829 239 2863 124.
271 2830 547 2877 Ematuruerit,
574 2845 677 2871 mora
698 2839 838 2880 tempo-

916 1477 969 1510 ris
1001 1476 1147 1518 mitior,
1191 1472 1339 1507 mollim-
1381 1473 1483 1505 facta
1521 1472 1645 1504 fuerit.

917 1530 991 1564 Cle.
1023 1531 1067 1561 de
1102 1530 1190 1562 clar.
1226 1529 1327 1561 Orat.
1361 1535 1390 1559 c.
1426 1528 1481 1560 83.
1553 1527 1645 1568 Ipse

919 1581 1153 1622 Thucydides
1192 1583 1229 1615 ἐἰ
1268 1581 1460 1624 posterius
1491 1581 1642 1625 fuisset,
1704 1583 1706 1587 '

914 1638 1032 1670 multo
1064 1637 1255 1669 maturior
1274 1636 1412 1679 fuisset
1438 1636 1476 1670 et
1499 1631 1642 1670 iratior.

914 1694 1038 1734 Neque
1061 1693 1131 1724 hoc
1153 1691 1302 1724 verbum
1321 1694 1555 1733 compositum
1573 1701 1642 1726 au-

914 1750 950 1781 te
978 1736 1135 1782 Nasonis
1163 1748 1320 1779 aetatem
1350 1748 1374 1778 a
1397 1756 1573 1788 quoquam
1596 1756 1642 1780 u-

912 1804 1099 1843 surpatum
1119 1802 1277 1843 reperio.
1322 1802 1426 1836 Conf.
1439 1804 1507 1845 111,
1528 1803 1565 1843 8,
1588 1802 1641 1834 19.

910 1861 939 1875 ”
957 1867 1091 1899 Ber-sm.
1116 1865 1339 1899 ematurari.
1383 1867 1460 1900 Pal.
1485 1867 1529 1910 1.,
1544 1868 1641 1910 Rei„

910 1921 995 1962 Seg.
1024 1921 1263 1953 ematurat-it.
1317 1925 1413 1956 Mor.
1444 1926 1482 1956 et
1511 1926 1547 1956 11
1579 1924 1642 1957 alii

909 1975 1030 2008 Heius.
1049 1977 1363 2017 permaturuerit.

954 2042 1028 2075 126.
1060 2040 1201 2075 Lenior
1223 2041 1304 2074 illa.
1358 2043 1420 2076 Sic
1441 2045 1537 2087 Put.‚
1562 2046 1638 2077 Pal.

908 2098 956 2139 2.,
978 2098 1109 2130 Franc.
1132 2099 1170 2128 et
1190 2097 1244 2130 VI
1265 2097 1340 2130 alii.
1394 2099 1535 2140 Reliqui
1562 2099 1639 2133 ira.

909 2153 983 2185 Sed
1003 2151 1069 2183 ira
1090 2153 1291 2193 praecessit
1314 2156 1351 2185 et
1364 2155 1530 2195 proximo
1549 2163 1640 2187 ver-

908 2216 952 2239 su
979 2208 1145 2240 iteratur.
1204 2206 1352 2239 ΗιτιΝε.
1414 2209 1498 2241 Illa
1532 2210 1639 2242 etiam

908 2263 1042 2294 nostri:
1075 2261 1225 2303 Dresd.‚
1253 2262 1374 2293 Berol.
1399 2267 1436 2295 et
1459 2265 1567 2297 Crev.
1594 2281 1635 2287 -

907 2316 1008 2350 Leid.
1031 2316 1138 2349 etiam
1160 2315 1308 2348 venerit
1330 2317 1374 2348 ut
1394 2320 1538 2351 nostro.

954 2380 1150 2414 construe:
1181 2381 1286 2414 cuius
1307 2383 1507 2416 clementia
1527 2384 1566 2417 in
1589 2395 1634 2418 e-

906 2436 1020 2468 ventu
1039 2445 1183 2478 poenae
1215 2438 1326 2469 tanta
1346 2438 1419 2480 est,
1450 2440 1492 2471 ut
1515 2432 1639 2472 lem‘or

906 2489 979 2523 illa
1005 2491 1144 2533 fuerit,
1173 2500 1284 2533 quam
1316 2494 1534 2526 metueram.
1586 2495 1637 2527 In

907 2547 1042 2577 eventu
1061 2555 1206 2586 poenae
1228 2547 1393 2586 quaesita
1414 2551 1635 2592 periphrasis

908 2600 964 2630 est
985 2608 1053 2639 pro
1076 2599 1116 2632 in
1135 2599 1279 2643 poema}

952 2663 1026 2696 127.
1067 2664 1155 2697 Vita
1176 2666 1271 2698 data
1292 2667 1357 2699 est.
1413 2668 1572 2714 Conf.1‚
1598 2673 1634 2715 1,

906 2719 976 2760 20.,
997 2720 1048 2761 V,
1079 2721 1116 2762 2,
1144 2722 1213 2763 36.,
1235 2723 1285 2764 V,
1315 2723 1391 2765 11.,
1415 2725 1481 2767 IV,
1504 2725 1541 2768 4,
1563 2727 1633 2771 45.,

906 2777 944 2806 et
963 2774 1017 2806 sic
1039 2776 1182 2815 passim.

951 2840 1024 2874 131.
1057 2841 1140 2875 Nec
1169 2849 1311 2876 mea—
1329 2846 1491 2878 senatus.
1547 2845 1630 2878 Tri-
