<?xml version="1.0" encoding="UTF-8"?>
<!DOCTYPE html PUBLIC "-//W3C//DTD XHTML 1.0 Transitional//EN"
    "http://www.w3.org/TR/xhtml1/DTD/xhtml1-transitional.dtd">
<html xmlns="http://www.w3.org/1999/xhtml" xml:lang="en" lang="en">
 <head>
  <title>
</title>
<meta http-equiv="Content-Type" content="text/html;charset=utf-8" />
  <meta name='ocr-system' content='tesseract 3.04.00' />
  <meta name='ocr-capabilities' content='ocr_page ocr_carea ocr_par ocr_line ocrx_word'/>
</head>
<body>
  <div class='ocr_page' id='page_1' title='image "./tristiumlibriqui00oviduoft_0223.png"; bbox 0 0 1846 3146; ppageno 0'>
   <div class='ocr_carea' id='block_1_1' title="bbox 0 0 78 97">
    <p class='ocr_par' dir='ltr' id='par_1_1' title="bbox 0 0 78 97">
     <span class='ocr_line' id='line_1_1' title="bbox 0 0 78 97; baseline 0 -80"><span class='ocrx_word' id='word_1_1' title='bbox 0 0 35 97; x_wconf 46' lang='grc' dir='ltr'><strong>Γ,</strong></span> <span class='ocrx_word' id='word_1_2' title='bbox 67 0 78 17; x_wconf 79' lang='grc'><em>,</em></span> 
     </span>
    </p>
   </div>
   <div class='ocr_carea' id='block_1_2' title="bbox 0 97 18 138">
    <p class='ocr_par' dir='ltr' id='par_1_2' title="bbox 0 97 18 138">
     <span class='ocr_line' id='line_1_2' title="bbox 0 97 18 138; baseline 0 0"><span class='ocrx_word' id='word_1_3' title='bbox 0 97 18 138; x_wconf 63' lang='lat' dir='ltr'><strong>f.</strong></span> 
     </span>
    </p>
   </div>
   <div class='ocr_carea' id='block_1_3' title="bbox 0 143 152 252">
    <p class='ocr_par' dir='ltr' id='par_1_3' title="bbox 0 143 152 252">
     <span class='ocr_line' id='line_1_3' title="bbox 0 143 152 252; baseline 0 -61"><span class='ocrx_word' id='word_1_4' title='bbox 0 143 152 252; x_wconf 36' lang='grc' dir='ltr'><strong>Γ.</strong></span> 
     </span>
    </p>
   </div>
   <div class='ocr_carea' id='block_1_4' title="bbox 761 170 992 222">
    <p class='ocr_par' dir='ltr' id='par_1_4' title="bbox 761 170 992 222">
     <span class='ocr_line' id='line_1_4' title="bbox 761 170 992 222; baseline -0.017 0"><span class='ocrx_word' id='word_1_5' title='bbox 761 170 992 222; x_wconf 54' lang='lat' dir='ltr'><strong>rimu.</strong></span> 
     </span>
    </p>
   </div>
   <div class='ocr_carea' id='block_1_5' title="bbox 116 288 1301 362">
    <p class='ocr_par' dir='ltr' id='par_1_5' title="bbox 116 288 1301 362">
     <span class='ocr_line' id='line_1_5' title="bbox 116 288 1301 362; baseline -0.011 -12"><span class='ocrx_word' id='word_1_6' title='bbox 116 300 304 351; x_wconf 85' lang='lat' dir='ltr'><strong>Divitis</strong></span> <span class='ocrx_word' id='word_1_7' title='bbox 334 297 522 362; x_wconf 86' lang='lat' dir='ltr'><strong>ingenii</strong></span> <span class='ocrx_word' id='word_1_8' title='bbox 554 300 633 346; x_wconf 82' lang='lat' dir='ltr'><strong>est</strong></span> <span class='ocrx_word' id='word_1_9' title='bbox 661 294 885 345; x_wconf 83' lang='lat' dir='ltr'><strong>immania</strong></span> <span class='ocrx_word' id='word_1_10' title='bbox 919 288 1154 342; x_wconf 82' lang='lat' dir='ltr'>Caesaris</span> <span class='ocrx_word' id='word_1_11' title='bbox 1187 292 1301 338; x_wconf 84' lang='lat' dir='ltr'><strong>acta</strong></span> 
     </span>
    </p>
   </div>
   <div class='ocr_carea' id='block_1_6' title="bbox 1540 163 1644 335">
    <p class='ocr_par' dir='ltr' id='par_1_6' title="bbox 1540 163 1644 335">
     <span class='ocr_line' id='line_1_6' title="bbox 1540 163 1643 214; baseline 0 0"><span class='ocrx_word' id='word_1_12' title='bbox 1540 163 1643 214; x_wconf 82' lang='lat'><strong>185</strong></span> 
     </span>
     <span class='ocr_line' id='line_1_7' title="bbox 1541 282 1644 335; baseline 0.01 -1"><span class='ocrx_word' id='word_1_13' title='bbox 1541 282 1644 335; x_wconf 85' lang='lat'><strong>335</strong></span> 
     </span>
    </p>
   </div>
   <div class='ocr_carea' id='block_1_7' title="bbox 118 377 1439 691">
    <p class='ocr_par' dir='ltr' id='par_1_7' title="bbox 118 377 1439 691">
     <span class='ocr_line' id='line_1_8' title="bbox 186 377 1241 442; baseline -0.01 -11"><span class='ocrx_word' id='word_1_14' title='bbox 186 379 434 440; x_wconf 81' lang='lat' dir='ltr'><strong>Condere,</strong></span> <span class='ocrx_word' id='word_1_15' title='bbox 466 379 667 428; x_wconf 79' lang='lat' dir='ltr'><strong>materia</strong></span> <span class='ocrx_word' id='word_1_16' title='bbox 697 391 761 426; x_wconf 89' lang='lat' dir='ltr'><strong>ne</strong></span> <span class='ocrx_word' id='word_1_17' title='bbox 793 377 1052 442; x_wconf 81' lang='lat' dir='ltr'><strong>superetur</strong></span> <span class='ocrx_word' id='word_1_18' title='bbox 1084 388 1241 439; x_wconf 25' lang='lat' dir='ltr'><strong>opust</strong></span> 
     </span>
     <span class='ocr_line' id='line_1_9' title="bbox 118 452 1431 521; baseline -0.009 -7"><span class='ocrx_word' id='word_1_19' title='bbox 118 463 187 513; x_wconf 83' lang='lat' dir='ltr'><strong>Et</strong></span> <span class='ocrx_word' id='word_1_20' title='bbox 218 468 378 519; x_wconf 86' lang='lat' dir='ltr'><strong>tamen</strong></span> <span class='ocrx_word' id='word_1_21' title='bbox 410 477 557 511; x_wconf 79' lang='lat' dir='ltr'><strong>ausus</strong></span> <span class='ocrx_word' id='word_1_22' title='bbox 590 475 736 521; x_wconf 85' lang='lat' dir='ltr'><strong>eram,</strong></span> <span class='ocrx_word' id='word_1_23' title='bbox 769 457 862 508; x_wconf 80' lang='lat' dir='ltr'><strong>sed</strong></span> <span class='ocrx_word' id='word_1_24' title='bbox 895 456 1172 507; x_wconf 77' lang='lat' dir='ltr'><strong>detrectare</strong></span> <span class='ocrx_word' id='word_1_25' title='bbox 1204 452 1431 514; x_wconf 79' lang='lat' dir='ltr'><strong>videbar,</strong></span> 
     </span>
     <span class='ocr_line' id='line_1_10' title="bbox 129 538 1342 610; baseline -0.009 -15"><span class='ocrx_word' id='word_1_26' title='bbox 129 559 134 568; x_wconf 86' lang='grc'><em>“</em></span> <span class='ocrx_word' id='word_1_27' title='bbox 186 543 428 610; x_wconf 80' lang='lat' dir='ltr'><strong>Quodque</strong></span> <span class='ocrx_word' id='word_1_28' title='bbox 459 542 617 603; x_wconf 73' lang='lat' dir='ltr'><strong>nesae,</strong></span> <span class='ocrx_word' id='word_1_29' title='bbox 654 541 828 601; x_wconf 85' lang='lat' dir='ltr'><strong>damno</strong></span> <span class='ocrx_word' id='word_1_30' title='bbox 859 539 1050 590; x_wconf 84' lang='lat' dir='ltr'><strong>viribus</strong></span> <span class='ocrx_word' id='word_1_31' title='bbox 1084 552 1198 587; x_wconf 85' lang='lat' dir='ltr'><strong>esse</strong></span> <span class='ocrx_word' id='word_1_32' title='bbox 1230 538 1342 586; x_wconf 71' lang='lat' dir='ltr'><strong>tuiS.</strong></span> 
     </span>
     <span class='ocr_line' id='line_1_11' title="bbox 124 620 1439 691; baseline -0.008 -14"><span class='ocrx_word' id='word_1_33' title='bbox 124 626 213 677; x_wconf 92' lang='lat' dir='ltr'><strong>Ad</strong></span> <span class='ocrx_word' id='word_1_34' title='bbox 244 627 363 676; x_wconf 86' lang='lat' dir='ltr'><strong>leve</strong></span> <span class='ocrx_word' id='word_1_35' title='bbox 395 641 563 674; x_wconf 80' lang='lat' dir='ltr'><strong>rursus</strong></span> <span class='ocrx_word' id='word_1_36' title='bbox 595 639 735 691; x_wconf 69' lang='lat' dir='ltr'><strong>opum,</strong></span> <span class='ocrx_word' id='word_1_37' title='bbox 770 621 1008 674; x_wconf 82' lang='lat' dir='ltr'><strong>iuvenilia</strong></span> <span class='ocrx_word' id='word_1_38' title='bbox 1043 620 1270 679; x_wconf 80' lang='lat' dir='ltr'><strong>earmina,</strong></span> <span class='ocrx_word' id='word_1_39' title='bbox 1303 620 1439 678; x_wconf 84' lang='lat' dir='ltr'><strong>veni,</strong></span> 
     </span>
    </p>
   </div>
   <div class='ocr_carea' id='block_1_8' title="bbox 55 707 1553 857">
    <p class='ocr_par' dir='ltr' id='par_1_8' title="bbox 55 707 1553 857">
     <span class='ocr_line' id='line_1_12' title="bbox 55 707 1189 784; baseline -0.008 -25"><span class='ocrx_word' id='word_1_40' title='bbox 55 781 60 784; x_wconf 25' lang='grc' dir='ltr'>Ι</span> <span class='ocrx_word' id='word_1_41' title='bbox 188 709 258 758; x_wconf 84' lang='lat' dir='ltr'><strong>Et</strong></span> <span class='ocrx_word' id='word_1_42' title='bbox 289 707 420 758; x_wconf 79' lang='lat' dir='ltr'><strong>falso</strong></span> <span class='ocrx_word' id='word_1_43' title='bbox 450 707 585 756; x_wconf 85' lang='lat' dir='ltr'><strong>movi</strong></span> <span class='ocrx_word' id='word_1_44' title='bbox 616 711 790 773; x_wconf 83' lang='lat' dir='ltr'><strong>peetus</strong></span> <span class='ocrx_word' id='word_1_45' title='bbox 824 719 988 754; x_wconf 83' lang='lat' dir='ltr'><strong>amore</strong></span> <span class='ocrx_word' id='word_1_46' title='bbox 1020 718 1189 753; x_wconf 90' lang='lat' dir='ltr'><strong>meum.</strong></span> 
     </span>
     <span class='ocr_line' id='line_1_13' title="bbox 121 783 1553 857; baseline -0.007 -15"><span class='ocrx_word' id='word_1_47' title='bbox 121 792 239 842; x_wconf 90' lang='lat' dir='ltr'><strong>Non</strong></span> <span class='ocrx_word' id='word_1_48' title='bbox 272 788 737 857; x_wconf 80' lang='lat' dir='ltr'><strong>equidem‘vellem3</strong></span> <span class='ocrx_word' id='word_1_49' title='bbox 771 786 863 837; x_wconf 84' lang='lat' dir='ltr'><strong>sed</strong></span> <span class='ocrx_word' id='word_1_50' title='bbox 895 802 971 835; x_wconf 91' lang='lat' dir='ltr'><strong>me</strong></span> <span class='ocrx_word' id='word_1_51' title='bbox 1004 800 1112 835; x_wconf 84' lang='lat' dir='ltr'><strong>mea</strong></span> <span class='ocrx_word' id='word_1_52' title='bbox 1145 784 1266 842; x_wconf 80' lang='lat' dir='ltr'><strong>fata.</strong></span> <span class='ocrx_word' id='word_1_53' title='bbox 1281 783 1553 844; x_wconf 81' lang='lat' dir='ltr'><strong>trahebant,</strong></span> 
     </span>
    </p>
   </div>
   <div class='ocr_carea' id='block_1_9' title="bbox 1546 699 1647 750">
    <p class='ocr_par' dir='ltr' id='par_1_9' title="bbox 1546 699 1647 750">
     <span class='ocr_line' id='line_1_14' title="bbox 1546 699 1647 750; baseline 0.01 -1"><span class='ocrx_word' id='word_1_54' title='bbox 1546 699 1647 750; x_wconf 74' lang='lat'><strong>340</strong></span> 
     </span>
    </p>
   </div>
   <div class='ocr_carea' id='block_1_10' title="bbox 120 872 1470 1104">
    <p class='ocr_par' dir='ltr' id='par_1_10' title="bbox 120 872 1470 1104">
     <span class='ocr_line' id='line_1_15' title="bbox 187 872 1216 939; baseline -0.006 -16"><span class='ocrx_word' id='word_1_55' title='bbox 187 875 341 939; x_wconf 87' lang='lat' dir='ltr'><strong>Inque</strong></span> <span class='ocrx_word' id='word_1_56' title='bbox 372 887 503 922; x_wconf 83' lang='lat' dir='ltr'><strong>meas</strong></span> <span class='ocrx_word' id='word_1_57' title='bbox 536 886 722 939; x_wconf 81' lang='lat' dir='ltr'><strong>poenas</strong></span> <span class='ocrx_word' id='word_1_58' title='bbox 754 872 1038 935; x_wconf 83' lang='lat' dir='ltr'><strong>ingeniosus</strong></span> <span class='ocrx_word' id='word_1_59' title='bbox 1071 883 1216 918; x_wconf 84' lang='lat' dir='ltr'><strong>eram.</strong></span> 
     </span>
     <span class='ocr_line' id='line_1_16' title="bbox 120 951 1470 1022; baseline -0.006 -15"><span class='ocrx_word' id='word_1_60' title='bbox 120 957 220 1007; x_wconf 87' lang='lat' dir='ltr'><strong>Hei</strong></span> <span class='ocrx_word' id='word_1_61' title='bbox 252 955 383 1017; x_wconf 86' lang='lat' dir='ltr'><strong>mihi,</strong></span> <span class='ocrx_word' id='word_1_62' title='bbox 420 971 507 1005; x_wconf 85' lang='lat' dir='ltr'><strong>our</strong></span> <span class='ocrx_word' id='word_1_63' title='bbox 541 953 709 1014; x_wconf 84' lang='lat' dir='ltr'><strong>didici,</strong></span> <span class='ocrx_word' id='word_1_64' title='bbox 742 969 832 1004; x_wconf 63' lang='lat' dir='ltr'><strong>&gt;eur</strong></span> <span class='ocrx_word' id='word_1_65' title='bbox 863 968 940 1002; x_wconf 90' lang='lat' dir='ltr'><strong>me</strong></span> <span class='ocrx_word' id='word_1_66' title='bbox 973 951 1191 1001; x_wconf 85' lang='lat' dir='ltr'><strong>docuere</strong></span> <span class='ocrx_word' id='word_1_67' title='bbox 1224 955 1470 1022; x_wconf 72' lang='lat' dir='ltr'><strong>parente8‚</strong></span> 
     </span>
     <span class='ocr_line' id='line_1_17' title="bbox 189 1034 1318 1104; baseline -0.008 -14"><span class='ocrx_word' id='word_1_68' title='bbox 189 1039 456 1104; x_wconf 76' lang='lat' dir='ltr'><strong>Litoraque</strong></span> <span class='ocrx_word' id='word_1_69' title='bbox 488 1042 566 1088; x_wconf 82' lang='lat' dir='ltr'><strong>est</strong></span> <span class='ocrx_word' id='word_1_70' title='bbox 597 1036 771 1088; x_wconf 85' lang='lat' dir='ltr'><strong>oeulos</strong></span> <span class='ocrx_word' id='word_1_71' title='bbox 803 1036 910 1087; x_wconf 87' lang='lat' dir='ltr'><strong>ulla</strong></span> <span class='ocrx_word' id='word_1_72' title='bbox 940 1039 1127 1085; x_wconf 86' lang='lat' dir='ltr'><strong>morata</strong></span> <span class='ocrx_word' id='word_1_73' title='bbox 1160 1034 1318 1083; x_wconf 84' lang='lat' dir='ltr'><strong>meos!</strong></span> 
     </span>
    </p>
   </div>
   <div class='ocr_carea' id='block_1_11' title="bbox 117 1169 855 1654">
    <p class='ocr_par' dir='ltr' id='par_1_11' title="bbox 117 1169 855 1654">
     <span class='ocr_line' id='line_1_18' title="bbox 162 1169 855 1214; baseline -0.004 -8"><span class='ocrx_word' id='word_1_74' title='bbox 162 1173 239 1206; x_wconf 77' lang='grc'><strong>335.</strong></span> <span class='ocrx_word' id='word_1_75' title='bbox 271 1170 480 1214; x_wconf 73' lang='lat' dir='ltr'><strong>Immania,</strong></span> <span class='ocrx_word' id='word_1_76' title='bbox 509 1170 703 1213; x_wconf 76' lang='lat' dir='ltr'><strong>stupenda,</strong></span> <span class='ocrx_word' id='word_1_77' title='bbox 733 1169 855 1203; x_wconf 79' lang='lat' dir='ltr'><strong>admi-</strong></span> 
     </span>
     <span class='ocr_line' id='line_1_19' title="bbox 117 1225 851 1269; baseline -0.004 -9"><span class='ocrx_word' id='word_1_78' title='bbox 117 1227 273 1269; x_wconf 76' lang='lat' dir='ltr'><strong>rabilia,</strong></span> <span class='ocrx_word' id='word_1_79' title='bbox 306 1229 347 1259; x_wconf 87' lang='lat' dir='ltr'><strong>ut</strong></span> <span class='ocrx_word' id='word_1_80' title='bbox 377 1229 466 1260; x_wconf 77' lang='lat' dir='ltr'><strong>Met.</strong></span> <span class='ocrx_word' id='word_1_81' title='bbox 494 1228 568 1269; x_wconf 83' lang='lat' dir='ltr'><strong>lx,</strong></span> <span class='ocrx_word' id='word_1_82' title='bbox 600 1226 678 1259; x_wconf 77' lang='lat'><strong>24⁷.</strong></span> <span class='ocrx_word' id='word_1_83' title='bbox 745 1225 851 1258; x_wconf 79' lang='lat' dir='ltr'><strong>conf,</strong></span> 
     </span>
     <span class='ocr_line' id='line_1_20' title="bbox 120 1281 852 1323; baseline -0.005 -7"><span class='ocrx_word' id='word_1_84' title='bbox 120 1283 224 1316; x_wconf 63' lang='grc' dir='ltr'><strong>(ἰηι-</strong></span> <span class='ocrx_word' id='word_1_85' title='bbox 247 1282 388 1323; x_wconf 80' lang='lat' dir='ltr'><strong>Gyneg.</strong></span> <span class='ocrx_word' id='word_1_86' title='bbox 415 1291 452 1314; x_wconf 81' lang='lat' dir='ltr'><strong>v.</strong></span> <span class='ocrx_word' id='word_1_87' title='bbox 479 1281 557 1314; x_wconf 78' lang='grc'><strong>265.</strong></span> <span class='ocrx_word' id='word_1_88' title='bbox 591 1284 630 1313; x_wconf 88' lang='lat' dir='ltr'><strong>et</strong></span> <span class='ocrx_word' id='word_1_89' title='bbox 649 1281 783 1314; x_wconf 86' lang='lat' dir='ltr'><strong>Vellei.</strong></span> <span class='ocrx_word' id='word_1_90' title='bbox 805 1282 852 1313; x_wconf 91' lang='lat'><strong>11.</strong></span> 
     </span>
     <span class='ocr_line' id='line_1_21' title="bbox 121 1336 852 1379; baseline -0.003 -9"><span class='ocrx_word' id='word_1_91' title='bbox 121 1345 154 1370; x_wconf 86' lang='lat' dir='ltr'><strong>c.</strong></span> <span class='ocrx_word' id='word_1_92' title='bbox 176 1337 231 1370; x_wconf 87' lang='grc'><strong>46.</strong></span> <span class='ocrx_word' id='word_1_93' title='bbox 274 1337 370 1370; x_wconf 87' lang='lat' dir='ltr'><strong>mud</strong></span> <span class='ocrx_word' id='word_1_94' title='bbox 395 1338 563 1379; x_wconf 78' lang='lat' dir='ltr'><strong>apparet,</strong></span> <span class='ocrx_word' id='word_1_95' title='bbox 584 1336 747 1378; x_wconf 56' lang='lat' dir='ltr'><strong>potitam,</strong></span> <span class='ocrx_word' id='word_1_96' title='bbox 770 1338 852 1368; x_wconf 85' lang='lat' dir='ltr'><strong>dum</strong></span> 
     </span>
     <span class='ocr_line' id='line_1_22' title="bbox 120 1385 853 1434; baseline -0.001 -9"><span class='ocrx_word' id='word_1_97' title='bbox 120 1400 163 1425; x_wconf 83' lang='lat' dir='ltr'><strong>se</strong></span> <span class='ocrx_word' id='word_1_98' title='bbox 185 1393 359 1434; x_wconf 71' lang='lat' dir='ltr'><strong>imparem</strong></span> <span class='ocrx_word' id='word_1_99' title='bbox 388 1391 544 1434; x_wconf 82' lang='lat' dir='ltr'><strong>Augusti</strong></span> <span class='ocrx_word' id='word_1_100' title='bbox 573 1392 740 1425; x_wconf 77' lang='lat' dir='ltr'><strong>laudibus</strong></span> <span class='ocrx_word' id='word_1_101' title='bbox 761 1385 853 1433; x_wconf 80' lang='lat' dir='ltr'><strong>pr&#39;o-</strong></span> 
     </span>
     <span class='ocr_line' id='line_1_23' title="bbox 120 1447 853 1489; baseline -0.004 -9"><span class='ocrx_word' id='word_1_102' title='bbox 120 1448 282 1489; x_wconf 67' lang='lat' dir='ltr'><strong>fitentur,</strong></span> <span class='ocrx_word' id='word_1_103' title='bbox 311 1447 471 1488; x_wconf 77' lang='lat' dir='ltr'><strong>impense</strong></span> <span class='ocrx_word' id='word_1_104' title='bbox 493 1455 574 1480; x_wconf 84' lang='lat' dir='ltr'><strong>eum</strong></span> <span class='ocrx_word' id='word_1_105' title='bbox 595 1447 763 1488; x_wconf 79' lang='lat' dir='ltr'><strong>laudare,</strong></span> <span class='ocrx_word' id='word_1_106' title='bbox 784 1454 853 1478; x_wconf 88' lang='lat' dir='ltr'><strong>ne-</strong></span> 
     </span>
     <span class='ocr_line' id='line_1_24' title="bbox 121 1502 853 1546; baseline -0.004 -10"><span class='ocrx_word' id='word_1_107' title='bbox 121 1511 192 1545; x_wconf 82' lang='lat' dir='ltr'><strong>que</strong></span> <span class='ocrx_word' id='word_1_108' title='bbox 222 1503 415 1536; x_wconf 79' lang='lat' dir='ltr'><strong>obscurum</strong></span> <span class='ocrx_word' id='word_1_109' title='bbox 447 1505 525 1546; x_wconf 64' lang='lat' dir='ltr'><strong>eet,</strong></span> <span class='ocrx_word' id='word_1_110' title='bbox 558 1511 625 1536; x_wconf 87' lang='lat' dir='ltr'><strong>cur</strong></span> <span class='ocrx_word' id='word_1_111' title='bbox 657 1502 853 1544; x_wconf 75' lang='lat' dir='ltr'><strong>Gigantum</strong></span> 
     </span>
     <span class='ocr_line' id='line_1_25' title="bbox 121 1557 853 1599; baseline -0.003 -9"><span class='ocrx_word' id='word_1_112' title='bbox 121 1565 232 1591; x_wconf 75' lang='lat' dir='ltr'><strong>ausus</strong></span> <span class='ocrx_word' id='word_1_113' title='bbox 254 1559 293 1590; x_wconf 85' lang='lat' dir='ltr'><strong>et</strong></span> <span class='ocrx_word' id='word_1_114' title='bbox 312 1558 477 1599; x_wconf 64' lang='lat' dir='ltr'><strong>„Augusti</strong></span> <span class='ocrx_word' id='word_1_115' title='bbox 503 1558 685 1590; x_wconf 81' lang='lat' dir='ltr'><strong>factorum</strong></span> <span class='ocrx_word' id='word_1_116' title='bbox 712 1557 853 1599; x_wconf 80' lang='lat' dir='ltr'><strong>magni-</strong></span> 
     </span>
     <span class='ocr_line' id='line_1_26' title="bbox 125 1612 853 1654; baseline -0.004 -8"><span class='ocrx_word' id='word_1_117' title='bbox 125 1613 283 1646; x_wconf 73' lang='lat' dir='ltr'><strong>tudinem</strong></span> <span class='ocrx_word' id='word_1_118' title='bbox 306 1615 511 1654; x_wconf 75' lang='lat' dir='ltr'><strong>componat.</strong></span> <span class='ocrx_word' id='word_1_119' title='bbox 556 1612 672 1646; x_wconf 83' lang='lat' dir='ltr'><strong>simili</strong></span> <span class='ocrx_word' id='word_1_120' title='bbox 696 1612 853 1644; x_wconf 81' lang='lat' dir='ltr'><strong>artificio</strong></span> 
     </span>
    </p>
   </div>
   <div class='ocr_carea' id='block_1_12' title="bbox 68 1660 854 1709">
    <p class='ocr_par' dir='ltr' id='par_1_12' title="bbox 68 1660 854 1709">
     <span class='ocr_line' id='line_1_27' title="bbox 68 1660 854 1709; baseline -0.001 -8"><span class='ocrx_word' id='word_1_121' title='bbox 68 1660 74 1667; x_wconf 85' lang='lat'><em>&#39;</em></span> <span class='ocrx_word' id='word_1_122' title='bbox 121 1671 210 1705; x_wconf 76' lang='lat' dir='ltr'><strong>ante</strong></span> <span class='ocrx_word' id='word_1_123' title='bbox 232 1677 318 1701; x_wconf 80' lang='lat' dir='ltr'><strong>usus</strong></span> <span class='ocrx_word' id='word_1_124' title='bbox 335 1671 422 1701; x_wconf 82' lang='lat' dir='ltr'><strong>erat</strong></span> <span class='ocrx_word' id='word_1_125' title='bbox 443 1670 531 1701; x_wconf 81' lang='lat' dir='ltr'><strong>Hor.</strong></span> <span class='ocrx_word' id='word_1_126' title='bbox 554 1667 619 1701; x_wconf 88' lang='lat' dir='ltr'><strong>Od.</strong></span> <span class='ocrx_word' id='word_1_127' title='bbox 640 1668 673 1709; x_wconf 89' lang='lat'><strong>1,</strong></span> <span class='ocrx_word' id='word_1_128' title='bbox 694 1668 726 1700; x_wconf 87' lang='grc'><strong>6.</strong></span> <span class='ocrx_word' id='word_1_129' title='bbox 751 1670 789 1700; x_wconf 86' lang='lat' dir='ltr'><strong>et</strong></span> <span class='ocrx_word' id='word_1_130' title='bbox 809 1675 854 1700; x_wconf 84' lang='lat' dir='ltr'><strong>a-</strong></span> 
     </span>
    </p>
   </div>
   <div class='ocr_carea' id='block_1_13' title="bbox 119 1723 855 2042">
    <p class='ocr_par' dir='ltr' id='par_1_13' title="bbox 119 1723 853 1819">
     <span class='ocr_line' id='line_1_28' title="bbox 119 1723 853 1766; baseline 0 -11"><span class='ocrx_word' id='word_1_131' title='bbox 119 1723 181 1756; x_wconf 76' lang='lat' dir='ltr'><strong>liis</strong></span> <span class='ocrx_word' id='word_1_132' title='bbox 217 1724 323 1757; x_wconf 72' lang='lat' dir='ltr'><strong>locis.</strong></span> <span class='ocrx_word' id='word_1_133' title='bbox 380 1723 486 1758; x_wconf 68' lang='grc' dir='ltr'><strong>(3υηί.</strong></span> <span class='ocrx_word' id='word_1_134' title='bbox 515 1724 619 1756; x_wconf 87' lang='lat' dir='ltr'><strong>Pont.</strong></span> <span class='ocrx_word' id='word_1_135' title='bbox 646 1724 699 1765; x_wconf 89' lang='lat'><strong>11,</strong></span> <span class='ocrx_word' id='word_1_136' title='bbox 728 1725 765 1766; x_wconf 91' lang='grc'><strong>5,</strong></span> <span class='ocrx_word' id='word_1_137' title='bbox 797 1723 853 1755; x_wconf 77' lang='grc'><strong>25.</strong></span> 
     </span>
     <span class='ocr_line' id='line_1_29' title="bbox 126 1783 227 1819; baseline 0.02 -11"><span class='ocrx_word' id='word_1_138' title='bbox 126 1783 227 1819; x_wconf 76' lang='lat' dir='ltr'><strong>seqq.</strong></span> 
     </span>
    </p>

    <p class='ocr_par' dir='ltr' id='par_1_14' title="bbox 123 1841 855 2042">
     <span class='ocr_line' id='line_1_30' title="bbox 169 1841 855 1884; baseline -0.003 -8"><span class='ocrx_word' id='word_1_139' title='bbox 169 1844 247 1876; x_wconf 82' lang='grc'><strong>336.</strong></span> <span class='ocrx_word' id='word_1_140' title='bbox 279 1842 462 1884; x_wconf 73' lang='lat' dir='ltr'><strong>Condere,</strong></span> <span class='ocrx_word' id='word_1_141' title='bbox 484 1849 629 1875; x_wconf 86' lang='lat' dir='ltr'><strong>canere.</strong></span> <span class='ocrx_word' id='word_1_142' title='bbox 664 1841 715 1883; x_wconf 85' lang='lat' dir='ltr'><strong>V,</strong></span> <span class='ocrx_word' id='word_1_143' title='bbox 742 1842 777 1884; x_wconf 89' lang='lat'><strong>1,</strong></span> <span class='ocrx_word' id='word_1_144' title='bbox 802 1842 855 1874; x_wconf 88' lang='lat'><strong>10.</strong></span> 
     </span>
     <span class='ocr_line' id='line_1_31' title="bbox 123 1896 855 1942; baseline -0.001 -11"><span class='ocrx_word' id='word_1_145' title='bbox 123 1899 210 1942; x_wconf 78' lang='lat' dir='ltr'><strong>seg.</strong></span> <span class='ocrx_word' id='word_1_146' title='bbox 232 1907 301 1940; x_wconf 84' lang='lat' dir='ltr'><strong>pro</strong></span> <span class='ocrx_word' id='word_1_147' title='bbox 325 1908 361 1931; x_wconf 85' lang='lat' dir='ltr'><strong>v.</strong></span> <span class='ocrx_word' id='word_1_148' title='bbox 383 1906 456 1930; x_wconf 86' lang='lat' dir='ltr'><strong>ser.</strong></span> <span class='ocrx_word' id='word_1_149' title='bbox 479 1900 517 1930; x_wconf 88' lang='lat' dir='ltr'><strong>et</strong></span> <span class='ocrx_word' id='word_1_150' title='bbox 537 1898 573 1929; x_wconf 89' lang='lat'><strong>11</strong></span> <span class='ocrx_word' id='word_1_151' title='bbox 587 1896 708 1929; x_wconf 82' lang='lat' dir='ltr'><strong>Heius.</strong></span> <span class='ocrx_word' id='word_1_152' title='bbox 719 1896 855 1930; x_wconf 77' lang='lat' dir='ltr'><strong>dicere.</strong></span> 
     </span>
     <span class='ocr_line' id='line_1_32' title="bbox 125 1950 855 1997; baseline 0 -11"><span class='ocrx_word' id='word_1_153' title='bbox 125 1954 204 1986; x_wconf 74' lang='lat' dir='ltr'><strong>Pal.</strong></span> <span class='ocrx_word' id='word_1_154' title='bbox 228 1953 276 1996; x_wconf 85' lang='lat'><strong>1.,</strong></span> <span class='ocrx_word' id='word_1_155' title='bbox 297 1955 409 1997; x_wconf 66' lang='lat' dir='ltr'><strong>Mon,</strong></span> <span class='ocrx_word' id='word_1_156' title='bbox 425 1950 712 1986; x_wconf 59' lang='lat' dir='ltr'><strong>nusum-ibere.</strong></span> <span class='ocrx_word' id='word_1_157' title='bbox 756 1953 855 1987; x_wconf 80' lang='lat' dir='ltr'><strong>Gott.</strong></span> 
     </span>
     <span class='ocr_line' id='line_1_33' title="bbox 128 2017 253 2042; baseline 0 0"><span class='ocrx_word' id='word_1_158' title='bbox 128 2017 253 2042; x_wconf 81' lang='lat' dir='ltr'><strong>arma.</strong></span> 
     </span>
    </p>
   </div>
   <div class='ocr_carea' id='block_1_14' title="bbox 124 2073 856 2279">
    <p class='ocr_par' dir='ltr' id='par_1_15' title="bbox 124 2073 856 2279">
     <span class='ocr_line' id='line_1_34' title="bbox 170 2073 855 2120; baseline 0.007 -14"><span class='ocrx_word' id='word_1_159' title='bbox 170 2075 246 2107; x_wconf 75' lang='lat'><strong>8³⁷.</strong></span> <span class='ocrx_word' id='word_1_160' title='bbox 282 2073 521 2107; x_wconf 80' lang='lat' dir='ltr'><strong>Detrectare.</strong></span> <span class='ocrx_word' id='word_1_161' title='bbox 566 2075 654 2113; x_wconf 87' lang='lat' dir='ltr'><strong>cod.</strong></span> <span class='ocrx_word' id='word_1_162' title='bbox 671 2078 855 2120; x_wconf 78' lang='lat' dir='ltr'><strong>Merulae,</strong></span> 
     </span>
     <span class='ocr_line' id='line_1_35' title="bbox 125 2129 855 2173; baseline 0.007 -11"><span class='ocrx_word' id='word_1_163' title='bbox 125 2130 276 2171; x_wconf 64' lang='lat' dir='ltr'><strong>Ber-sm„</strong></span> <span class='ocrx_word' id='word_1_164' title='bbox 299 2129 411 2171; x_wconf 63' lang='lat' dir='ltr'><strong>Gall„</strong></span> <span class='ocrx_word' id='word_1_165' title='bbox 441 2129 558 2173; x_wconf 85' lang='lat' dir='ltr'><strong>Leid.,</strong></span> <span class='ocrx_word' id='word_1_166' title='bbox 585 2132 662 2164; x_wconf 81' lang='lat' dir='ltr'><strong>Pal.</strong></span> <span class='ocrx_word' id='word_1_167' title='bbox 685 2134 718 2166; x_wconf 79' lang='lat'><strong>2.</strong></span> <span class='ocrx_word' id='word_1_168' title='bbox 750 2136 788 2166; x_wconf 89' lang='lat' dir='ltr'><strong>et</strong></span> <span class='ocrx_word' id='word_1_169' title='bbox 811 2142 855 2166; x_wconf 85' lang='lat' dir='ltr'><strong>a-</strong></span> 
     </span>
     <span class='ocr_line' id='line_1_36' title="bbox 124 2183 855 2226; baseline 0.005 -11"><span class='ocrx_word' id='word_1_170' title='bbox 124 2183 198 2215; x_wconf 79' lang='lat' dir='ltr'><strong>lius</strong></span> <span class='ocrx_word' id='word_1_171' title='bbox 231 2183 377 2226; x_wconf 63' lang='lat' dir='ltr'><strong>neins„</strong></span> <span class='ocrx_word' id='word_1_172' title='bbox 422 2184 502 2216; x_wconf 81' lang='lat' dir='ltr'><strong>Rel.</strong></span> <span class='ocrx_word' id='word_1_173' title='bbox 524 2188 561 2218; x_wconf 90' lang='lat' dir='ltr'><strong>et</strong></span> <span class='ocrx_word' id='word_1_174' title='bbox 590 2186 697 2220; x_wconf 83' lang='lat' dir='ltr'><strong>crev.</strong></span> <span class='ocrx_word' id='word_1_175' title='bbox 720 2187 855 2219; x_wconf 80' lang='lat' dir='ltr'><strong>detra·-</strong></span> 
     </span>
     <span class='ocr_line' id='line_1_37' title="bbox 129 2237 856 2279; baseline 0.01 -11"><span class='ocrx_word' id='word_1_176' title='bbox 129 2237 263 2279; x_wconf 82' lang='lat' dir='ltr'><strong>ctare,</strong></span> <span class='ocrx_word' id='word_1_177' title='bbox 320 2240 415 2279; x_wconf 82' lang='lat' dir='ltr'><strong>quod</strong></span> <span class='ocrx_word' id='word_1_178' title='bbox 469 2240 567 2272; x_wconf 85' lang='lat' dir='ltr'><strong>dedit</strong></span> <span class='ocrx_word' id='word_1_179' title='bbox 621 2243 856 2275; x_wconf 76' lang='lat' dir='ltr'><strong>Burmannus.</strong></span> 
     </span>
    </p>
   </div>
   <div class='ocr_carea' id='block_1_15' title="bbox 107 2293 857 2336">
    <p class='ocr_par' dir='ltr' id='par_1_16' title="bbox 107 2293 857 2336">
     <span class='ocr_line' id='line_1_38' title="bbox 107 2293 857 2336; baseline 0.007 -12"><span class='ocrx_word' id='word_1_180' title='bbox 107 2293 200 2324; x_wconf 76' lang='lat' dir='ltr'><strong>.Sed</strong></span> <span class='ocrx_word' id='word_1_181' title='bbox 222 2293 334 2326; x_wconf 85' lang='lat' dir='ltr'><strong>tutius</strong></span> <span class='ocrx_word' id='word_1_182' title='bbox 357 2294 428 2326; x_wconf 86' lang='lat' dir='ltr'><strong>erit</strong></span> <span class='ocrx_word' id='word_1_183' title='bbox 450 2303 530 2326; x_wconf 85' lang='lat' dir='ltr'><strong>cum</strong></span> <span class='ocrx_word' id='word_1_184' title='bbox 559 2295 672 2336; x_wconf 89' lang='lat' dir='ltr'><strong>longe</strong></span> <span class='ocrx_word' id='word_1_185' title='bbox 695 2296 857 2336; x_wconf 82' lang='lat' dir='ltr'><strong>plurimis</strong></span> 
     </span>
    </p>
   </div>
   <div class='ocr_carea' id='block_1_16' title="bbox 123 2348 862 2776">
    <p class='ocr_par' dir='ltr' id='par_1_17' title="bbox 123 2348 862 2776">
     <span class='ocr_line' id='line_1_39' title="bbox 127 2348 856 2394; baseline 0.004 -15"><span class='ocrx_word' id='word_1_186' title='bbox 127 2350 218 2380; x_wconf 82' lang='lat' dir='ltr'><strong>vett.</strong></span> <span class='ocrx_word' id='word_1_187' title='bbox 262 2348 365 2380; x_wconf 79' lang='lat' dir='ltr'><strong>libris</strong></span> <span class='ocrx_word' id='word_1_188' title='bbox 415 2350 577 2394; x_wconf 75' lang='lat' dir='ltr'><strong>scribere</strong></span> <span class='ocrx_word' id='word_1_189' title='bbox 626 2351 856 2392; x_wconf 82' lang='lat' dir='ltr'><strong>detrectare,</strong></span> 
     </span>
     <span class='ocr_line' id='line_1_40' title="bbox 130 2403 856 2443; baseline 0.008 -10"><span class='ocrx_word' id='word_1_190' title='bbox 130 2403 226 2443; x_wconf 80' lang='lat' dir='ltr'><strong>quod</strong></span> <span class='ocrx_word' id='word_1_191' title='bbox 249 2405 306 2435; x_wconf 63' lang='grc' dir='ltr'><strong>ωε</strong></span> <span class='ocrx_word' id='word_1_192' title='bbox 325 2403 531 2436; x_wconf 74' lang='lat' dir='ltr'><strong>tractando</strong></span> <span class='ocrx_word' id='word_1_193' title='bbox 553 2405 772 2438; x_wconf 73' lang='lat' dir='ltr'><strong>imminuere</strong></span> <span class='ocrx_word' id='word_1_194' title='bbox 792 2407 856 2439; x_wconf 79' lang='lat' dir='ltr'><strong>vel</strong></span> 
     </span>
     <span class='ocr_line' id='line_1_41' title="bbox 128 2456 855 2502; baseline 0.011 -15"><span class='ocrx_word' id='word_1_195' title='bbox 128 2456 337 2488; x_wconf 78' lang='lat' dir='ltr'><strong>tractando</strong></span> <span class='ocrx_word' id='word_1_196' title='bbox 359 2457 542 2500; x_wconf 77' lang='lat' dir='ltr'><strong>deterere,</strong></span> <span class='ocrx_word' id='word_1_197' title='bbox 564 2469 670 2500; x_wconf 82' lang='lat' dir='ltr'><strong>quum</strong></span> <span class='ocrx_word' id='word_1_198' title='bbox 682 2470 855 2502; x_wconf 84' lang='lat' dir='ltr'><strong>praeser-</strong></span> 
     </span>
     <span class='ocr_line' id='line_1_42' title="bbox 123 2508 854 2557; baseline 0.007 -14"><span class='ocrx_word' id='word_1_199' title='bbox 123 2512 191 2544; x_wconf 80' lang='lat' dir='ltr'><strong>tim</strong></span> <span class='ocrx_word' id='word_1_200' title='bbox 214 2513 334 2544; x_wconf 83' lang='lat' dir='ltr'><strong>forma</strong></span> <span class='ocrx_word' id='word_1_201' title='bbox 355 2513 422 2544; x_wconf 81' lang='lat' dir='ltr'><strong>illa</strong></span> <span class='ocrx_word' id='word_1_202' title='bbox 443 2508 664 2546; x_wconf 85' lang='lat' dir='ltr'><strong>detractare</strong></span> <span class='ocrx_word' id='word_1_203' title='bbox 688 2518 782 2557; x_wconf 84' lang='lat' dir='ltr'><strong>apud</strong></span> <span class='ocrx_word' id='word_1_204' title='bbox 806 2517 854 2548; x_wconf 86' lang='lat' dir='ltr'><strong>il-</strong></span> 
     </span>
     <span class='ocr_line' id='line_1_43' title="bbox 126 2567 862 2609; baseline 0.004 -10"><span class='ocrx_word' id='word_1_205' title='bbox 126 2567 200 2600; x_wconf 78' lang='lat' dir='ltr'><strong>lius</strong></span> <span class='ocrx_word' id='word_1_206' title='bbox 222 2568 356 2599; x_wconf 79' lang='lat' dir='ltr'><strong>aetatis</strong></span> <span class='ocrx_word' id='word_1_207' title='bbox 377 2569 579 2609; x_wconf 74' lang='lat' dir='ltr'><strong>scriptores</strong></span> <span class='ocrx_word' id='word_1_208' title='bbox 599 2570 862 2602; x_wconf 80' lang='lat' dir='ltr'><strong>valdeincerta</strong></span> 
     </span>
     <span class='ocr_line' id='line_1_44' title="bbox 128 2622 859 2664; baseline 0.004 -10"><span class='ocrx_word' id='word_1_209' title='bbox 128 2622 192 2664; x_wconf 77' lang='lat' dir='ltr'><strong>sit,</strong></span> <span class='ocrx_word' id='word_1_210' title='bbox 214 2623 376 2663; x_wconf 80' lang='lat' dir='ltr'><strong>quamvis</strong></span> <span class='ocrx_word' id='word_1_211' title='bbox 401 2631 479 2656; x_wconf 81' lang='lat' dir='ltr'><strong>eam</strong></span> <span class='ocrx_word' id='word_1_212' title='bbox 497 2625 693 2657; x_wconf 79' lang='lat' dir='ltr'><strong>defendant</strong></span> <span class='ocrx_word' id='word_1_213' title='bbox 702 2625 859 2657; x_wconf 83' lang='lat' dir='ltr'><strong>Broukh.</strong></span> 
     </span>
     <span class='ocr_line' id='line_1_45' title="bbox 129 2678 859 2720; baseline 0.004 -11"><span class='ocrx_word' id='word_1_214' title='bbox 129 2678 177 2716; x_wconf 72' lang='lat' dir='ltr'><strong>ad</strong></span> <span class='ocrx_word' id='word_1_215' title='bbox 198 2678 273 2710; x_wconf 82' lang='lat' dir='ltr'><strong>Tib.</strong></span> <span class='ocrx_word' id='word_1_216' title='bbox 297 2679 329 2720; x_wconf 87' lang='lat'><strong>1,</strong></span> <span class='ocrx_word' id='word_1_217' title='bbox 353 2679 389 2719; x_wconf 85' lang='grc'><strong>6,</strong></span> <span class='ocrx_word' id='word_1_218' title='bbox 412 2679 465 2711; x_wconf 86' lang='grc'><strong>38.</strong></span> <span class='ocrx_word' id='word_1_219' title='bbox 495 2682 533 2711; x_wconf 89' lang='lat' dir='ltr'><strong>et</strong></span> <span class='ocrx_word' id='word_1_220' title='bbox 554 2680 673 2711; x_wconf 89' lang='lat' dir='ltr'><strong>Bnrm.</strong></span> <span class='ocrx_word' id='word_1_221' title='bbox 696 2680 743 2711; x_wconf 83' lang='lat' dir='ltr'><strong>ad</strong></span> <span class='ocrx_word' id='word_1_222' title='bbox 771 2682 859 2712; x_wconf 80' lang='lat' dir='ltr'><strong>Met.</strong></span> 
     </span>
     <span class='ocr_line' id='line_1_46' title="bbox 129 2731 860 2776; baseline 0.003 -11"><span class='ocrx_word' id='word_1_223' title='bbox 129 2731 181 2774; x_wconf 82' lang='lat' dir='ltr'><strong>V,</strong></span> <span class='ocrx_word' id='word_1_224' title='bbox 206 2733 283 2766; x_wconf 77' lang='grc'><strong>246.</strong></span> <span class='ocrx_word' id='word_1_225' title='bbox 334 2734 417 2766; x_wconf 84' lang='lat' dir='ltr'><strong>Vid.</strong></span> <span class='ocrx_word' id='word_1_226' title='bbox 446 2733 554 2765; x_wconf 76' lang='lat' dir='ltr'><strong>&#39;ri-ist.</strong></span> <span class='ocrx_word' id='word_1_227' title='bbox 584 2734 652 2775; x_wconf 87' lang='lat' dir='ltr'><strong>IV,</strong></span> <span class='ocrx_word' id='word_1_228' title='bbox 682 2734 740 2776; x_wconf 87' lang='lat'><strong>10,</strong></span> <span class='ocrx_word' id='word_1_229' title='bbox 770 2734 860 2776; x_wconf 71' lang='lat'><strong>123„</strong></span> 
     </span>
    </p>
   </div>
   <div class='ocr_carea' id='block_1_17' title="bbox 106 2785 860 2830">
    <p class='ocr_par' dir='ltr' id='par_1_18' title="bbox 106 2785 860 2830">
     <span class='ocr_line' id='line_1_47' title="bbox 106 2785 860 2830; baseline 0.003 -11"><span class='ocrx_word' id='word_1_230' title='bbox 106 2785 217 2819; x_wconf 63' lang='lat' dir='ltr'><strong>suet.</strong></span> <span class='ocrx_word' id='word_1_231' title='bbox 237 2789 338 2829; x_wconf 79' lang='lat' dir='ltr'><strong>xm,</strong></span> <span class='ocrx_word' id='word_1_232' title='bbox 359 2789 435 2820; x_wconf 76' lang='lat'><strong>27⁰.</strong></span> <span class='ocrx_word' id='word_1_233' title='bbox 458 2790 496 2820; x_wconf 79' lang='lat' dir='ltr'><strong>et</strong></span> <span class='ocrx_word' id='word_1_234' title='bbox 516 2788 567 2830; x_wconf 85' lang='lat' dir='ltr'><strong>v,</strong></span> <span class='ocrx_word' id='word_1_235' title='bbox 588 2787 665 2821; x_wconf 72' lang='lat'><strong>24⁶.</strong></span> <span class='ocrx_word' id='word_1_236' title='bbox 679 2790 860 2822; x_wconf 63' lang='lat' dir='ltr'><strong>-Droem</strong></span> 
     </span>
    </p>
   </div>
   <div class='ocr_carea' id='block_1_18' title="bbox 134 2843 860 2885">
    <p class='ocr_par' dir='ltr' id='par_1_19' title="bbox 134 2843 860 2885">
     <span class='ocr_line' id='line_1_48' title="bbox 134 2843 860 2885; baseline 0.003 -11"><span class='ocrx_word' id='word_1_237' title='bbox 134 2849 203 2882; x_wconf 73' lang='lat' dir='ltr'><strong>pro</strong></span> <span class='ocrx_word' id='word_1_238' title='bbox 225 2851 262 2874; x_wconf 82' lang='lat' dir='ltr'><strong>v.</strong></span> <span class='ocrx_word' id='word_1_239' title='bbox 283 2850 372 2885; x_wconf 60' lang='lat' dir='ltr'><strong>scra,</strong></span> <span class='ocrx_word' id='word_1_240' title='bbox 393 2843 559 2885; x_wconf 74' lang='lat' dir='ltr'><strong>Pirckli.²</strong></span> <span class='ocrx_word' id='word_1_241' title='bbox 582 2844 658 2876; x_wconf 87' lang='lat' dir='ltr'><strong>Iun.</strong></span> <span class='ocrx_word' id='word_1_242' title='bbox 681 2845 718 2875; x_wconf 90' lang='lat' dir='ltr'><strong>et</strong></span> <span class='ocrx_word' id='word_1_243' title='bbox 740 2843 776 2875; x_wconf 89' lang='lat' dir='ltr'><strong>V</strong></span> <span class='ocrx_word' id='word_1_244' title='bbox 797 2843 860 2876; x_wconf 81' lang='lat' dir='ltr'><strong>alii</strong></span> 
     </span>
    </p>
   </div>
   <div class='ocr_carea' id='block_1_19' title="bbox 915 1163 1653 1423">
    <p class='ocr_par' dir='ltr' id='par_1_20' title="bbox 915 1163 1653 1423">
     <span class='ocr_line' id='line_1_49' title="bbox 915 1163 1651 1203; baseline -0.005 0"><span class='ocrx_word' id='word_1_245' title='bbox 915 1169 1038 1203; x_wconf 79' lang='lat' dir='ltr'><strong>Heius·</strong></span> <span class='ocrx_word' id='word_1_246' title='bbox 1060 1170 1099 1201; x_wconf 92' lang='lat' dir='ltr'><strong>et</strong></span> <span class='ocrx_word' id='word_1_247' title='bbox 1116 1168 1172 1200; x_wconf 86' lang='lat' dir='ltr'><strong>ed.</strong></span> <span class='ocrx_word' id='word_1_248' title='bbox 1191 1167 1329 1199; x_wconf 81' lang='lat' dir='ltr'><strong>Bonon.</strong></span> <span class='ocrx_word' id='word_1_249' title='bbox 1345 1163 1526 1199; x_wconf 69' lang='lat' dir='ltr'><strong>delirare.</strong></span> <span class='ocrx_word' id='word_1_250' title='bbox 1572 1167 1651 1199; x_wconf 84' lang='lat' dir='ltr'><strong>Pol.</strong></span> 
     </span>
     <span class='ocr_line' id='line_1_50' title="bbox 917 1219 1648 1267; baseline -0.008 -9"><span class='ocrx_word' id='word_1_251' title='bbox 917 1225 965 1267; x_wconf 90' lang='grc'><strong>1.,</strong></span> <span class='ocrx_word' id='word_1_252' title='bbox 986 1226 1081 1266; x_wconf 89' lang='lat' dir='ltr'><strong>Put.‚</strong></span> <span class='ocrx_word' id='word_1_253' title='bbox 1103 1223 1234 1255; x_wconf 82' lang='lat' dir='ltr'><strong>Frane.</strong></span> <span class='ocrx_word' id='word_1_254' title='bbox 1259 1219 1484 1254; x_wconf 73' lang='lat' dir='ltr'><strong>derect&#39;tare.</strong></span> <span class='ocrx_word' id='word_1_255' title='bbox 1532 1221 1648 1263; x_wconf 86' lang='lat' dir='ltr'><strong>Busl.,</strong></span> 
     </span>
     <span class='ocr_line' id='line_1_51' title="bbox 916 1277 1652 1316; baseline -0.005 -4"><span class='ocrx_word' id='word_1_256' title='bbox 916 1279 1039 1312; x_wconf 81' lang='lat' dir='ltr'><strong>Berol.</strong></span> <span class='ocrx_word' id='word_1_257' title='bbox 1061 1278 1271 1311; x_wconf 85' lang='lat' dir='ltr'><strong>decertare.</strong></span> <span class='ocrx_word' id='word_1_258' title='bbox 1315 1277 1412 1308; x_wconf 80' lang='lat' dir='ltr'><strong>Mor.</strong></span> <span class='ocrx_word' id='word_1_259' title='bbox 1435 1284 1504 1316; x_wconf 84' lang='lat' dir='ltr'><strong>pro</strong></span> <span class='ocrx_word' id='word_1_260' title='bbox 1518 1286 1553 1309; x_wconf 84' lang='lat' dir='ltr'><strong>v.</strong></span> <span class='ocrx_word' id='word_1_261' title='bbox 1577 1285 1652 1308; x_wconf 88' lang='lat' dir='ltr'><strong>scr.</strong></span> 
     </span>
     <span class='ocr_line' id='line_1_52' title="bbox 917 1331 1653 1367; baseline -0.007 0"><span class='ocrx_word' id='word_1_262' title='bbox 917 1335 1161 1367; x_wconf 78' lang='lat' dir='ltr'><strong>dedecorare.</strong></span> <span class='ocrx_word' id='word_1_263' title='bbox 1193 1334 1300 1366; x_wconf 81' lang='lat' dir='ltr'><strong>Serv.</strong></span> <span class='ocrx_word' id='word_1_264' title='bbox 1317 1331 1542 1364; x_wconf 81' lang='lat' dir='ltr'><strong>attrectare.</strong></span> <span class='ocrx_word' id='word_1_265' title='bbox 1570 1332 1653 1363; x_wconf 89' lang='lat' dir='ltr'><strong>Duo</strong></span> 
     </span>
     <span class='ocr_line' id='line_1_53' title="bbox 917 1389 1240 1423; baseline -0.006 0"><span class='ocrx_word' id='word_1_266' title='bbox 917 1390 1042 1423; x_wconf 76' lang='lat' dir='ltr'><strong>Heius.</strong></span> <span class='ocrx_word' id='word_1_267' title='bbox 1063 1389 1240 1422; x_wconf 83' lang='lat' dir='ltr'><strong>verebar.</strong></span> 
     </span>
    </p>
   </div>
   <div class='ocr_carea' id='block_1_20' title="bbox 918 1463 1655 1620">
    <p class='ocr_par' dir='ltr' id='par_1_21' title="bbox 918 1463 1655 1620">
     <span class='ocr_line' id='line_1_54' title="bbox 963 1463 1654 1507; baseline -0.007 -6"><span class='ocrx_word' id='word_1_268' title='bbox 963 1469 1040 1501; x_wconf 86' lang='grc'><strong>339.</strong></span> <span class='ocrx_word' id='word_1_269' title='bbox 1076 1465 1279 1507; x_wconf 68' lang='lat' dir='ltr'><strong>laeetania,</strong></span> <span class='ocrx_word' id='word_1_270' title='bbox 1297 1465 1438 1506; x_wconf 83' lang='lat' dir='ltr'><strong>iocosa,</strong></span> <span class='ocrx_word' id='word_1_271' title='bbox 1458 1463 1654 1506; x_wconf 71' lang='lat' dir='ltr'><strong>amatoria,</strong></span> 
     </span>
     <span class='ocr_line' id='line_1_55' title="bbox 918 1520 1655 1563; baseline -0.004 -7"><span class='ocrx_word' id='word_1_272' title='bbox 918 1531 971 1556; x_wconf 87' lang='lat' dir='ltr'><strong>sc.</strong></span> <span class='ocrx_word' id='word_1_273' title='bbox 994 1524 1121 1556; x_wconf 85' lang='lat' dir='ltr'><strong>Artem</strong></span> <span class='ocrx_word' id='word_1_274' title='bbox 1154 1521 1375 1554; x_wconf 77' lang='lat' dir='ltr'><strong>amator-iam.</strong></span> <span class='ocrx_word' id='word_1_275' title='bbox 1431 1520 1515 1553; x_wconf 87' lang='lat' dir='ltr'><strong>Vid.</strong></span> <span class='ocrx_word' id='word_1_276' title='bbox 1545 1522 1590 1552; x_wconf 87' lang='lat' dir='ltr'><strong>ad</strong></span> <span class='ocrx_word' id='word_1_277' title='bbox 1623 1523 1655 1563; x_wconf 88' lang='lat'><strong>1,</strong></span> 
     </span>
     <span class='ocr_line' id='line_1_56' title="bbox 920 1578 1034 1620; baseline -0.018 -9"><span class='ocrx_word' id='word_1_278' title='bbox 920 1578 957 1620; x_wconf 89' lang='grc'><strong>9,</strong></span> <span class='ocrx_word' id='word_1_279' title='bbox 980 1578 1034 1610; x_wconf 90' lang='grc'><strong>61.</strong></span> 
     </span>
    </p>
   </div>
   <div class='ocr_carea' id='block_1_21' title="bbox 917 1651 1657 2303">
    <p class='ocr_par' dir='ltr' id='par_1_22' title="bbox 917 1651 1656 1916">
     <span class='ocr_line' id='line_1_57' title="bbox 965 1651 1655 1696; baseline -0.007 -9"><span class='ocrx_word' id='word_1_280' title='bbox 965 1655 1042 1687; x_wconf 82' lang='grc'><strong>340.</strong></span> <span class='ocrx_word' id='word_1_281' title='bbox 1070 1653 1204 1695; x_wconf 74' lang='lat' dir='ltr'><strong>Falso,</strong></span> <span class='ocrx_word' id='word_1_282' title='bbox 1215 1655 1317 1696; x_wconf 84' lang='lat' dir='ltr'><strong>ficto,</strong></span> <span class='ocrx_word' id='word_1_283' title='bbox 1329 1661 1404 1686; x_wconf 90' lang='lat' dir='ltr'><strong>non</strong></span> <span class='ocrx_word' id='word_1_284' title='bbox 1415 1660 1519 1685; x_wconf 88' lang='lat' dir='ltr'><strong>vero.</strong></span> <span class='ocrx_word' id='word_1_285' title='bbox 1550 1651 1655 1685; x_wconf 83' lang='lat' dir='ltr'><strong>conf.</strong></span> 
     </span>
     <span class='ocr_line' id='line_1_58' title="bbox 920 1709 1656 1751; baseline -0.004 -9"><span class='ocrx_word' id='word_1_286' title='bbox 920 1720 955 1742; x_wconf 82' lang='lat' dir='ltr'><strong>v.</strong></span> <span class='ocrx_word' id='word_1_287' title='bbox 976 1711 1053 1743; x_wconf 85' lang='grc'><strong>355.</strong></span> <span class='ocrx_word' id='word_1_288' title='bbox 1076 1711 1113 1741; x_wconf 90' lang='lat' dir='ltr'><strong>et</strong></span> <span class='ocrx_word' id='word_1_289' title='bbox 1135 1709 1206 1741; x_wconf 80' lang='lat' dir='ltr'><strong>vid.</strong></span> <span class='ocrx_word' id='word_1_290' title='bbox 1230 1710 1276 1741; x_wconf 82' lang='lat' dir='ltr'><strong>ad</strong></span> <span class='ocrx_word' id='word_1_291' title='bbox 1298 1711 1331 1751; x_wconf 85' lang='lat'><strong>1,</strong></span> <span class='ocrx_word' id='word_1_292' title='bbox 1355 1709 1391 1751; x_wconf 87' lang='grc'><strong>9,</strong></span> <span class='ocrx_word' id='word_1_293' title='bbox 1414 1709 1467 1741; x_wconf 88' lang='grc'><strong>59.</strong></span> <span class='ocrx_word' id='word_1_294' title='bbox 1519 1709 1656 1740; x_wconf 86' lang='lat' dir='ltr'><strong>Bersm.</strong></span> 
     </span>
     <span class='ocr_line' id='line_1_59' title="bbox 919 1763 1656 1807; baseline -0.005 -10"><span class='ocrx_word' id='word_1_295' title='bbox 919 1766 963 1797; x_wconf 79' lang='lat' dir='ltr'><strong>ut</strong></span> <span class='ocrx_word' id='word_1_296' title='bbox 983 1765 1099 1807; x_wconf 76' lang='lat' dir='ltr'><strong>falso.</strong></span> <span class='ocrx_word' id='word_1_297' title='bbox 1159 1764 1256 1796; x_wconf 81' lang='lat' dir='ltr'><strong>Gall.</strong></span> <span class='ocrx_word' id='word_1_298' title='bbox 1290 1772 1374 1796; x_wconf 82' lang='lat' dir='ltr'><strong>cum</strong></span> <span class='ocrx_word' id='word_1_299' title='bbox 1400 1763 1518 1806; x_wconf 78' lang='lat' dir='ltr'><strong>falso.</strong></span> <span class='ocrx_word' id='word_1_300' title='bbox 1563 1763 1656 1795; x_wconf 72' lang='lat' dir='ltr'><strong>J’ut.</strong></span> 
     </span>
     <span class='ocr_line' id='line_1_60' title="bbox 917 1817 1655 1862; baseline -0.003 -11"><span class='ocrx_word' id='word_1_301' title='bbox 917 1820 1037 1862; x_wconf 77' lang='lat' dir='ltr'><strong>fasso.</strong></span> <span class='ocrx_word' id='word_1_302' title='bbox 1082 1817 1228 1852; x_wconf 71' lang='lat' dir='ltr'><strong>P‘rrckh,</strong></span> <span class='ocrx_word' id='word_1_303' title='bbox 1258 1821 1296 1852; x_wconf 91' lang='lat' dir='ltr'><strong>et</strong></span> <span class='ocrx_word' id='word_1_304' title='bbox 1326 1820 1381 1851; x_wconf 87' lang='lat' dir='ltr'><strong>ed.</strong></span> <span class='ocrx_word' id='word_1_305' title='bbox 1412 1819 1550 1851; x_wconf 89' lang='lat' dir='ltr'><strong>Bonon.</strong></span> <span class='ocrx_word' id='word_1_306' title='bbox 1571 1826 1655 1849; x_wconf 89' lang='lat' dir='ltr'><strong>mo-</strong></span> 
     </span>
     <span class='ocr_line' id='line_1_61' title="bbox 919 1871 1656 1916; baseline -0.004 -8"><span class='ocrx_word' id='word_1_307' title='bbox 919 1874 997 1908; x_wconf 77' lang='lat' dir='ltr'><strong>nui.</strong></span> <span class='ocrx_word' id='word_1_308' title='bbox 1020 1890 1065 1897; x_wconf 89' lang='lat'><strong>—-</strong></span> <span class='ocrx_word' id='word_1_309' title='bbox 1086 1871 1205 1915; x_wconf 72' lang='lat' dir='ltr'><strong>Movi,</strong></span> <span class='ocrx_word' id='word_1_310' title='bbox 1223 1874 1394 1906; x_wconf 78' lang='lat' dir='ltr'><strong>excitavi.</strong></span> <span class='ocrx_word' id='word_1_311' title='bbox 1438 1876 1506 1916; x_wconf 82' lang='lat' dir='ltr'><strong>IV,</strong></span> <span class='ocrx_word' id='word_1_312' title='bbox 1524 1874 1583 1916; x_wconf 89' lang='grc'><strong>10,</strong></span> <span class='ocrx_word' id='word_1_313' title='bbox 1600 1874 1656 1906; x_wconf 90' lang='grc'><strong>59.</strong></span> 
     </span>
    </p>

    <p class='ocr_par' dir='ltr' id='par_1_23' title="bbox 984 1947 1656 1984">
     <span class='ocr_line' id='line_1_62' title="bbox 984 1947 1656 1984; baseline -0.003 -6"><span class='ocrx_word' id='word_1_314' title='bbox 984 1948 1125 1978; x_wconf 66' lang='lat' dir='ltr'><strong>noverat</strong></span> <span class='ocrx_word' id='word_1_315' title='bbox 1148 1947 1303 1983; x_wconf 82' lang='lat' dir='ltr'><strong>ingenium</strong></span> <span class='ocrx_word' id='word_1_316' title='bbox 1332 1950 1426 1976; x_wconf 77' lang='lat' dir='ltr'><strong>totam</strong></span> <span class='ocrx_word' id='word_1_317' title='bbox 1452 1952 1575 1977; x_wconf 78' lang='lat' dir='ltr'><strong>cantata</strong></span> <span class='ocrx_word' id='word_1_318' title='bbox 1600 1956 1656 1984; x_wconf 88' lang='lat' dir='ltr'><strong>per</strong></span> 
     </span>
    </p>

    <p class='ocr_par' dir='ltr' id='par_1_24' title="bbox 922 1991 1657 2303">
     <span class='ocr_line' id='line_1_63' title="bbox 1035 1991 1656 2066; baseline 0 -1"><span class='ocrx_word' id='word_1_319' title='bbox 1035 2035 1164 2065; x_wconf 67' lang='lat' dir='ltr'><strong>Homine</strong></span> <span class='ocrx_word' id='word_1_320' title='bbox 1197 2044 1259 2065; x_wconf 83' lang='lat' dir='ltr'><strong>non</strong></span> <span class='ocrx_word' id='word_1_321' title='bbox 1296 1991 1488 2066; x_wconf 51' lang='lat' dir='ltr'><strong>vfg&#39;eldicta</strong></span> <span class='ocrx_word' id='word_1_322' title='bbox 1523 2037 1656 2066; x_wconf 73' lang='lat' dir='ltr'><strong>Corinna</strong></span> 
     </span>
     <span class='ocr_line' id='line_1_64' title="bbox 1316 2080 1402 2108; baseline -0.012 0"><span class='ocrx_word' id='word_1_323' title='bbox 1316 2080 1402 2108; x_wconf 82' lang='lat' dir='ltr'><strong>mihi.</strong></span> 
     </span>
     <span class='ocr_line' id='line_1_65' title="bbox 922 2149 1655 2193; baseline -0.003 -10"><span class='ocrx_word' id='word_1_324' title='bbox 922 2152 1009 2183; x_wconf 79' lang='lat' dir='ltr'><strong>Met.</strong></span> <span class='ocrx_word' id='word_1_325' title='bbox 1029 2151 1115 2193; x_wconf 84' lang='lat' dir='ltr'><strong>Vn,</strong></span> <span class='ocrx_word' id='word_1_326' title='bbox 1135 2151 1190 2183; x_wconf 81' lang='lat'><strong>28.</strong></span> <span class='ocrx_word' id='word_1_327' title='bbox 1211 2150 1341 2191; x_wconf 78' lang='lat' dir='ltr'><strong>forma</strong></span> <span class='ocrx_word' id='word_1_328' title='bbox 1357 2149 1476 2182; x_wconf 77' lang='lat' dir='ltr'><strong>movit</strong></span> <span class='ocrx_word' id='word_1_329' title='bbox 1483 2151 1655 2190; x_wconf 79' lang='lat' dir='ltr'><strong>pectora.</strong></span> 
     </span>
     <span class='ocr_line' id='line_1_66' title="bbox 923 2206 1657 2254; baseline 0.001 -17"><span class='ocrx_word' id='word_1_330' title='bbox 923 2206 998 2237; x_wconf 80' lang='lat' dir='ltr'><strong>Sed</strong></span> <span class='ocrx_word' id='word_1_331' title='bbox 1019 2208 1150 2254; x_wconf 73' lang='lat' dir='ltr'><strong>nostro</strong></span> <span class='ocrx_word' id='word_1_332' title='bbox 1172 2206 1258 2237; x_wconf 89' lang='lat' dir='ltr'><strong>loco</strong></span> <span class='ocrx_word' id='word_1_333' title='bbox 1271 2206 1412 2249; x_wconf 77' lang='lat' dir='ltr'><strong>pectus</strong></span> <span class='ocrx_word' id='word_1_334' title='bbox 1434 2208 1491 2239; x_wconf 87' lang='lat' dir='ltr'><strong>est</strong></span> <span class='ocrx_word' id='word_1_335' title='bbox 1512 2214 1582 2247; x_wconf 83' lang='lat' dir='ltr'><strong>pro</strong></span> <span class='ocrx_word' id='word_1_336' title='bbox 1597 2206 1657 2238; x_wconf 87' lang='lat' dir='ltr'><strong>iu-</strong></span> 
     </span>
     <span class='ocr_line' id='line_1_67' title="bbox 922 2261 1254 2303; baseline 0 -11"><span class='ocrx_word' id='word_1_337' title='bbox 922 2261 1048 2303; x_wconf 85' lang='lat' dir='ltr'><strong>genio,</strong></span> <span class='ocrx_word' id='word_1_338' title='bbox 1070 2264 1111 2293; x_wconf 84' lang='lat' dir='ltr'><strong>ut.</strong></span> <span class='ocrx_word' id='word_1_339' title='bbox 1130 2268 1254 2302; x_wconf 79' lang='lat' dir='ltr'><strong>saepe.</strong></span> 
     </span>
    </p>
   </div>
   <div class='ocr_carea' id='block_1_22' title="bbox 922 2333 1656 2436">
    <p class='ocr_par' dir='ltr' id='par_1_25' title="bbox 922 2333 1656 2436">
     <span class='ocr_line' id='line_1_68' title="bbox 968 2333 1656 2379; baseline 0 -9"><span class='ocrx_word' id='word_1_340' title='bbox 968 2337 1043 2370; x_wconf 84' lang='grc'><strong>341.</strong></span> <span class='ocrx_word' id='word_1_341' title='bbox 1075 2337 1141 2369; x_wconf 85' lang='lat' dir='ltr'><strong>Me</strong></span> <span class='ocrx_word' id='word_1_342' title='bbox 1185 2345 1270 2369; x_wconf 87' lang='lat' dir='ltr'><strong>mea</strong></span> <span class='ocrx_word' id='word_1_343' title='bbox 1311 2337 1401 2379; x_wconf 78' lang='lat' dir='ltr'><strong>fata</strong></span> <span class='ocrx_word' id='word_1_344' title='bbox 1443 2333 1656 2370; x_wconf 78' lang='lat' dir='ltr'><strong>trahebant.</strong></span> 
     </span>
     <span class='ocr_line' id='line_1_69' title="bbox 922 2391 1656 2436; baseline 0.001 -11"><span class='ocrx_word' id='word_1_345' title='bbox 922 2391 1027 2426; x_wconf 81' lang='lat' dir='ltr'><strong>Gonf.</strong></span> <span class='ocrx_word' id='word_1_346' title='bbox 1049 2393 1117 2434; x_wconf 88' lang='lat'>111,</span> <span class='ocrx_word' id='word_1_347' title='bbox 1140 2393 1176 2434; x_wconf 79' lang='lat' dir='ltr'><strong>e,</strong></span> <span class='ocrx_word' id='word_1_348' title='bbox 1199 2392 1252 2424; x_wconf 81' lang='lat'><strong>15.</strong></span> <span class='ocrx_word' id='word_1_349' title='bbox 1296 2393 1401 2434; x_wconf 79' lang='lat' dir='ltr'><strong>virg.</strong></span> <span class='ocrx_word' id='word_1_350' title='bbox 1431 2395 1473 2426; x_wconf 79' lang='lat' dir='ltr'><strong>A.</strong></span> <span class='ocrx_word' id='word_1_351' title='bbox 1503 2394 1554 2436; x_wconf 88' lang='lat' dir='ltr'><strong>v,</strong></span> <span class='ocrx_word' id='word_1_352' title='bbox 1577 2394 1656 2426; x_wconf 78' lang='lat'><strong>709.</strong></span> 
     </span>
    </p>
   </div>
   <div class='ocr_carea' id='block_1_23' title="bbox 987 2452 1656 2547">
    <p class='ocr_par' dir='ltr' id='par_1_26' title="bbox 987 2452 1656 2547">
     <span class='ocr_line' id='line_1_70' title="bbox 987 2452 1656 2502; baseline 0.006 -10"><span class='ocrx_word' id='word_1_353' title='bbox 987 2481 1021 2487; x_wconf 90' lang='lat'><strong>—-</strong></span> <span class='ocrx_word' id='word_1_354' title='bbox 1036 2481 1071 2487; x_wconf 90' lang='lat'><strong>—</strong></span> <span class='ocrx_word' id='word_1_355' title='bbox 1083 2481 1118 2487; x_wconf 91' lang='lat'><strong>--</strong></span> <span class='ocrx_word' id='word_1_356' title='bbox 1134 2482 1168 2487; x_wconf 92' lang='lat'>—</span> <span class='ocrx_word' id='word_1_357' title='bbox 1180 2473 1239 2502; x_wconf 86' lang='lat' dir='ltr'><strong>quo</strong></span> <span class='ocrx_word' id='word_1_358' title='bbox 1257 2452 1329 2494; x_wconf 66' lang='lat' dir='ltr'><strong>fata=</strong></span> <span class='ocrx_word' id='word_1_359' title='bbox 1339 2468 1463 2495; x_wconf 79' lang='lat' dir='ltr'><strong>trahunt</strong></span> <span class='ocrx_word' id='word_1_360' title='bbox 1479 2468 1656 2496; x_wconf 80' lang='lat' dir='ltr'><strong>retrahunt-</strong></span> 
     </span>
     <span class='ocr_line' id='line_1_71' title="bbox 1316 2518 1565 2547; baseline 0.004 -9"><span class='ocrx_word' id='word_1_361' title='bbox 1316 2518 1375 2547; x_wconf 81' lang='lat' dir='ltr'><strong>que</strong></span> <span class='ocrx_word' id='word_1_362' title='bbox 1394 2519 1565 2547; x_wconf 73' lang='lat' dir='ltr'><strong>sequamur.</strong></span> 
     </span>
    </p>
   </div>
   <div class='ocr_carea' id='block_1_24' title="bbox 926 2569 1317 2611">
    <p class='ocr_par' dir='ltr' id='par_1_27' title="bbox 926 2569 1317 2611">
     <span class='ocr_line' id='line_1_72' title="bbox 926 2569 1317 2611; baseline -0.003 -9"><span class='ocrx_word' id='word_1_363' title='bbox 926 2569 1005 2602; x_wconf 82' lang='lat' dir='ltr'><strong>Bel.</strong></span> <span class='ocrx_word' id='word_1_364' title='bbox 1029 2577 1052 2601; x_wconf 78' lang='lat' dir='ltr'><strong>a</strong></span> <span class='ocrx_word' id='word_1_365' title='bbox 1076 2569 1107 2602; x_wconf 90' lang='lat'><strong>1.</strong></span> <span class='ocrx_word' id='word_1_366' title='bbox 1130 2577 1175 2601; x_wconf 90' lang='lat' dir='ltr'><strong>m.</strong></span> <span class='ocrx_word' id='word_1_367' title='bbox 1194 2569 1317 2611; x_wconf 77' lang='lat' dir='ltr'><strong>facta.</strong></span> 
     </span>
    </p>
   </div>
   <div class='ocr_carea' id='block_1_25' title="bbox 925 2654 1657 2807">
    <p class='ocr_par' dir='ltr' id='par_1_28' title="bbox 925 2654 1657 2807">
     <span class='ocr_line' id='line_1_73' title="bbox 968 2654 1655 2696; baseline 0 -9"><span class='ocrx_word' id='word_1_368' title='bbox 968 2655 1044 2688; x_wconf 82' lang='grc'><strong>342.</strong></span> <span class='ocrx_word' id='word_1_369' title='bbox 1079 2654 1311 2696; x_wconf 66' lang='lat' dir='ltr'><strong>Ingeniosa-e.</strong></span> <span class='ocrx_word' id='word_1_370' title='bbox 1371 2655 1476 2688; x_wconf 75' lang='lat' dir='ltr'><strong>Cous.</strong></span> <span class='ocrx_word' id='word_1_371' title='bbox 1510 2666 1546 2688; x_wconf 83' lang='lat' dir='ltr'><strong>v.</strong></span> <span class='ocrx_word' id='word_1_372' title='bbox 1578 2657 1655 2689; x_wconf 78' lang='lat'>288.</span> 
     </span>
     <span class='ocr_line' id='line_1_74' title="bbox 925 2709 1657 2743; baseline 0 0"><span class='ocrx_word' id='word_1_373' title='bbox 925 2726 968 2732; x_wconf 92' lang='lat'><strong>-—</strong></span> <span class='ocrx_word' id='word_1_374' title='bbox 989 2711 1077 2743; x_wconf 84' lang='lat' dir='ltr'><strong>Exe.</strong></span> <span class='ocrx_word' id='word_1_375' title='bbox 1098 2711 1207 2742; x_wconf 84' lang='lat' dir='ltr'><strong>Voss.</strong></span> <span class='ocrx_word' id='word_1_376' title='bbox 1230 2714 1270 2742; x_wconf 87' lang='lat' dir='ltr'><strong>et</strong></span> <span class='ocrx_word' id='word_1_377' title='bbox 1290 2710 1344 2742; x_wconf 79' lang='lat' dir='ltr'><strong>IV</strong></span> <span class='ocrx_word' id='word_1_378' title='bbox 1376 2709 1440 2742; x_wconf 81' lang='lat' dir='ltr'><strong>alii</strong></span> <span class='ocrx_word' id='word_1_379' title='bbox 1468 2710 1591 2743; x_wconf 78' lang='lat' dir='ltr'><strong>Heius.</strong></span> <span class='ocrx_word' id='word_1_380' title='bbox 1619 2714 1657 2743; x_wconf 87' lang='lat' dir='ltr'><strong>et</strong></span> 
     </span>
     <span class='ocr_line' id='line_1_75' title="bbox 925 2764 1403 2807; baseline 0 -9"><span class='ocrx_word' id='word_1_381' title='bbox 925 2765 1005 2799; x_wconf 76' lang='lat' dir='ltr'><strong>nel.</strong></span> <span class='ocrx_word' id='word_1_382' title='bbox 1028 2764 1139 2807; x_wconf 77' lang='lat' dir='ltr'><strong>inque</strong></span> <span class='ocrx_word' id='word_1_383' title='bbox 1160 2773 1261 2797; x_wconf 76' lang='lat' dir='ltr'><strong>meos</strong></span> <span class='ocrx_word' id='word_1_384' title='bbox 1280 2773 1403 2798; x_wconf 74' lang='lat' dir='ltr'><strong>casus·</strong></span> 
     </span>
    </p>
   </div>
   <div class='ocr_carea' id='block_1_26' title="bbox 971 2839 1656 2883">
    <p class='ocr_par' dir='ltr' id='par_1_29' title="bbox 971 2839 1656 2883">
     <span class='ocr_line' id='line_1_76' title="bbox 971 2839 1656 2883; baseline 0 -8"><span class='ocrx_word' id='word_1_385' title='bbox 971 2842 1046 2875; x_wconf 83' lang='grc'><strong>343.</strong></span> <span class='ocrx_word' id='word_1_386' title='bbox 1081 2841 1151 2875; x_wconf 80' lang='lat' dir='ltr'><strong>Hei</strong></span> <span class='ocrx_word' id='word_1_387' title='bbox 1180 2839 1287 2883; x_wconf 58' lang='lat' dir='ltr'><strong>mim,</strong></span> <span class='ocrx_word' id='word_1_388' title='bbox 1322 2850 1403 2875; x_wconf 81' lang='lat' dir='ltr'><strong>cur.</strong></span> <span class='ocrx_word' id='word_1_389' title='bbox 1456 2843 1541 2875; x_wconf 82' lang='lat' dir='ltr'><strong>vat.</strong></span> <span class='ocrx_word' id='word_1_390' title='bbox 1566 2851 1656 2875; x_wconf 80' lang='lat' dir='ltr'><strong>unus</strong></span> 
     </span>
    </p>
   </div>
  </div>
 </body>
</html>
