1846 3146
577 162 1120 214 PROLEGOMENA.
1539 162 1602 213 19

93 286 201 339 cipis
229 291 274 326 et
302 285 455 326 eximia
480 285 600 339 laus,
637 297 754 339 quae
773 284 1014 337 Augustum
1041 296 1191 326 senem
1217 283 1422 338 regebat,
1450 283 1602 343 Liuiae

11 364 18 368 '
92 357 306 410 totiusque
333 355 484 397 domus
510 357 735 409 Augustae
764 361 808 395 et
835 356 919 396 alia
945 354 1181 396 huiusmodi
1215 355 1440 407 complura.
1503 353 1602 396 vid.

92 429 129 482 1,
162 428 198 467 1.
225 429 301 469 IV.
328 427 367 467 2.
393 427 435 468 5.
461 427 501 466 6.
529 428 587 482 V,
615 427 655 468 5.
686 427 749 468 10.
781 426 844 467 11.

173 499 382 553 Alterius,
412 511 536 552 quam
563 511 691 551 supra
718 498 974 551 memoravi,
1013 498 1334 550 vituperationis
1361 503 1508 538 auctor
1536 502 1605 537 est

95 570 351 624 Scbillerus,
377 582 504 623 quem
530 569 700 610 honoris
729 581 887 610 caussa
916 569 1107 623 appello,
1147 567 1494 615 Germanicorum
1525 568 1605 608 de-

94 654 172 682 cus
215 646 446 694 poetarum.
527 641 612 681 Hic
648 641 715 680 vir
749 640 792 680 in
825 640 989 694 libello,
1036 641 1107 694 qui
1146 640 1403 680 inscribitur:
1465 640 1606 680 [seber

60 757 65 761 ,
91 718 217 755 nae‘w
256 713 349 754 ud
392 712 774 753 sentenentaliscbe
818 712 1064 762 Dichtunq,
1122 724 1277 752 severo
1324 724 1430 751 sane
1477 716 1605 764 atque

94 783 431 838 acerboiudicio,
460 783 617 824 Tristia
643 783 688 822 N
689 782 935 823 asonis’vix
961 783 1069 824 inter
1098 795 1229 836 opera
1255 783 1425 835 poetica
1453 795 1606 823 nume-

93 853 241 908 randa,
271 855 501 907 existimat,
531 853 643 908 quod
659 854 701 894 in
719 853 812 906 ipso
842 852 983 893 dolore
1013 854 1148 894 omnis
1176 866 1308 906 prope
1326 854 1509 906 impetus
1527 866 1607 894 uo-

92 926 318 979 bilitanque
343 938 561 979 sensuum,
593 937 702 979 quae
729 922 786 981 ad
813 924 963 978 elegos
985 927 1151 969 omnino
1166 926 1403 979 requiritur,
1434 924 1609 965 deside-

0 1003 3 1049 [
94 1003 223 1051 retur,
250 1007 335 1040 nec
360 996 578 1049 perfectas
605 1002 734 1049 poeta
759 1009 898 1038 rerum
926 997 1177 1041 amissarum
1205 996 1430 1050 imagines,
1460 997 1609 1050 quales

95 1081 123 1110 a
147 1068 289 1121 poetis
316 1068 420 1121 fingi
439 1066 643 1121 debeant,
673 1073 962 1121 conqueratur.
1020 1067 1110 1110 Sed
1128 1068 1304 1120 primum
1321 1068 1388 1108 vir
1403 1069 1610 1122 egregius

93 1141 181 1182 ista
205 1139 372 1193 Peligni
398 1139 512 1179 vatis
541 1139 751 1192 carmina,
798 1145 844 1180 ut
880 1140 922 1179 in
952 1138 1103 1179 eodem
1130 1140 1267 1190 libello
1295 1139 1426 1180 multa
1455 1140 1538 1184 alia
1566 1145 1611 1182 et

0 1196 16 1248 ζ.
93 1217 287 1254 veterum
312 1217 360 1253 et
386 1210 665 1254 recentiorum
692 1216 926 1265 poetarum,
956 1211 1069 1255 iusto
1097 1210 1290 1263 cupidius
1316 1217 1444 1265 atque
1467 1223 1611 1256 moro-—

94 1283 186 1324 sius
213 1282 418 1335 exegisse
444 1280 612 1322 videtur
638 1281 696 1322 ad
721 1281 877 1335 frigida
904 1282 974 1322 illa
1002 1282 1057 1326 de
1085 1289 1178 1324 arte
1205 1288 1453 1336 praecepta,
1480 1295 1611 1336 quam

95 1354 376 1414 sumebatur,
420 1351 594 1392 scholae
622 1352 950 1406 philosophicae.
1024 1353 1074 1395 Si
1099 1355 1212 1397 enim
1240 1354 1370 1407 elegi,
1401 1354 1473 1407 qui
1497 1366 1613 1395 nunc

95 1425 323 1478 habentur,
353 1422 409 1464 ad
435 1424 695 1476 propositam
722 1425 777 1464 ab
806 1437 859 1464 eo
886 1437 1074 1466 normam
1101 1426 1145 1466 in
1180 1426 1411 1466 carminum
1438 1437 1611 1467 numero

96 1494 280 1549 ponendi
306 1500 382 1535 aut
407 1495 461 1536 ab
490 1507 542 1534 eo
571 1494 821 1537 excludendi
850 1502 1014 1550 essent,
1045 1497 1144 1550 quid
1166 1497 1288 1536 fieret
1304 1497 1445 1536 multis
1462 1496 1615 1536 Naso-

0 1545 19 1609 ἶν’
95 1569 163 1610 nis
192 1566 444 1608 carminibus
474 1565 528 1606 de
554 1566 712 1607 Amore
738 1566 834 1606 sive
861 1562 1098 1608 Amorum?
1126 1567 1224 1621 quid
1252 1567 1471 1620 permultis
1500 1567 1614 1607 Pro-

95 1633 251 1691 pertii?
278 1636 376 1691 quid
402 1638 612 1681 maximae
641 1638 766 1691 parti,
809 1650 920 1690 quae
947 1644 1047 1678 sunt
1074 1638 1264 1679 eiusdem
1292 1638 1483 1691 generis,
1515 1649 1615 1678 car-

97 1709 252 1751 minum
277 1703 591 1749 recentiorum?
627 1721 738 1761 quae
766 1714 811 1747 et
839 1707 990 1760 cupide
1031 1710 1229 1763 leguntur
1254 1721 1496 1763 magnaque
1538 1721 1615 1762 per

99 1785 163 1820 tot
187 1781 273 1823 iam
296 1792 433 1821 annos
462 1779 702 1832 elegantiae
730 1778 856 1818 laude
884 1779 1085 1820 fruuntur.
1139 1781 1271 1823 Porro
1298 1781 1438 1837 inique
1465 1792 1521 1819 ac
1548 1780 1615 1820 le-

14 1902 15 1907 *
97 1852 209 1892 viter
224 1850 342 1905 fecit,
372 1849 483 1904 quod
501 1850 610 1890 inter
628 1862 682 1890 ea
703 1850 905 1904 carmina,
936 1863 1045 1904 quae
1063 1864 1169 1892 vere
1192 1857 1238 1891 et
1264 1863 1397 1894 sensu
1417 1851 1615 1891 strictiori

19 1964 21 1966 ,
100 1923 214 1976 elegi
238 1920 423 1963 habendi
446 1926 563 1974 sunt,
591 1926 637 1961 et
663 1934 733 1974 ea,
762 1933 874 1974 quae
901 1921 957 1961 ad
985 1921 1095 1962 aliud
1118 1934 1258 1976 genus
1276 1923 1487 1975 pertinere
1505 1921 1616 1961 dixi-

99 2007 220 2048 mus,
261 2005 344 2034 non
379 1992 488 2032 satis
517 1991 729 2045 distinxit,
781 2004 863 2032 nee
891 1994 1117 2037 temeraria
1143 2000 1291 2035 nostra
1317 1993 1485 2032 videtur
1514 2006 1616 2033 esse

25 2110 29 2114 ν
80 2065 304 2125 Ἴειιψίᾱὶο,
336 2063 540 2104 Schillero
568 2062 680 2103 idem
706 2062 935 2118 accidisse,
966 2064 1102 2139 quod
1106 2066 1339 2118 permultis,
1370 2065 1439 2117 qui
1465 2063 1520 2103 de
1548 2064 1616 2103 his

102 2136 356 2178 carminibus
385 2133 664 2189 disputanmt,
693 2135 811 2189 aliis,
858 2141 905 2175 ut
941 2148 1115 2188 operam
1142 2149 1227 2176 non
1255 2136 1443 2185 dederit,
1490 2141 1618 2175 ante·-

27 2233 28 2236 =
103 2220 229 2261 quam
249 2206 305 2247 de
330 2206 383 2247 iis
398 2205 618 2259 iudicaret,
649 2218 703 2246 ea
722 2207 859 2247 omnia
879 2206 1120 2260 diligentius
1145 2214 1406 2260 pertractare
1421 2207 1619 2259 penitus-

27 2295 32 2297 -
104 2291 188 2332 que
214 2288 483 2330 pernoscere.
538 2277 653 2318 Nam
680 2278 720 2318 si
748 2281 801 2317 ea
828 2290 856 2318 a
882 2278 1036 2330 priscis
1054 2277 1153 2321 inde
1177 2279 1436 2332 temporibus
1454 2278 1619 2331 absque

57 2372 63 2385 ·
103 2349 187 2389 ullo
216 2343 454 2389 discrimine
481 2349 623 2389 omnia
648 2361 818 2401 semper
857 2348 900 2388 in
941 2350 1078 2403 elegis
1115 2349 1259 2389 habita
1287 2350 1413 2398 sunt,
1458 2349 1618 2389 factum

104 2419 206 2460 illud
235 2424 304 2459 est
332 2431 388 2460 ex
413 2431 529 2459 more
558 2425 684 2473 atque
714 2419 1018 2460 consuetudine
1045 2426 1264 2474 veterum,
1296 2420 1367 2473 qui
1393 2421 1436 2460 in
1464 2420 1619 2461 carmi—
1694 2406 1698 2409 Δ

35 2516 38 2519 ι
106 2491 228 2531 nibus
257 2489 565 2543 distinguendis
601 2503 655 2534 ac
691 2490 920 2531 tribuendis
957 2491 1094 2532 minus
1129 2491 1284 2545 curiosi
1317 2491 1361 2531 in
1403 2492 1620 2545 elegorum

104 2574 268 2616 genere
308 2561 400 2601 fere
441 2567 672 2614 ponerent,
717 2574 992 2615 quaecunque
1030 2568 1178 2603 essent
1206 2563 1377 2602 alternis
1404 2562 1617 2615 versibus,

107 2633 364 2673 hexametris
380 2637 424 2672 et
436 2633 726 2685 pentametris,
743 2633 994 2685 conscripta.
1011 2633 1158 2686 Itaque
1173 2633 1256 2686 qui,
1274 2639 1481 2686 quatenus
1496 2647 1549 2673 ea
1565 2633 1620 2673 ad

34 2700 39 2753 f
107 2716 256 2744 veram
282 2704 392 2743 illam
410 2716 463 2743 ac
482 2703 717 2756 perfectam
743 2705 958 2758 elegorum
975 2705 1165 2757 speciem
1185 2703 1409 2758 accedant,
1439 2705 1549 2745 scite
1568 2716 1622 2744 ac

33 2795 42 2812 i
95 2775 219 2816 iuste
233 2775 459 2828 aestimare
477 2773 636 2829 studet,
657 2775 754 2816 huic
768 2776 959 2830 primum,
976 2774 1087 2829 quod
1099 2775 1349 2817 Schillerum
1363 2788 1446 2816 non
1460 2776 1622 2816 fecisse

1295 2839 1363 2880 2*
