1846 3146
183 174 282 224 226

422 172 479 222 P.
516 171 739 225 OVIDII
773 172 1088 228 NASONIS
1123 165 1464 226 TRISTIUM

183 295 338 361 quue
371 297 456 344 tuo
490 310 644 362 nuper
677 296 908 362 scriptum
939 279 1029 347 sub
1062 299 1270 359 nomine,
1304 295 1508 358 Caesar,

169 372 180 385 '
249 378 317 427 Et
349 378 438 428 tibi
471 385 710 429 sacratum
744 395 852 428 sors
887 394 992 429 mea
1025 383 1154 447 rupit
1180 395 1316 447 opus.

183 459 250 509 Et
285 460 506 510 dedimus
540 465 741 527 tragicis
776 463 1005 529 scriptum
1038 463 1211 528 regale
1246 464 1512 523 cothurnis,

249 543 481 608 Quaeque
514 548 684 609 gravis
719 545 866 595 debet
898 545 1052 596 verba
1087 546 1349 595 cothurnus
1382 546 1542 596 habet.

183 627 426 693 Dictaque
479 633 591 677 sunt
641 627 782 678 nobis
793 663 806 688 ‚

884 630 1103 693 quamvis
1155 645 1322 678 manus
1371 628 1540 677 ultima
1591 642 1709 678 coe-

1040 715 1125 777 pto
1612 710 1711 759 555

230 793 435 875 Defuit,
470 794 521 841 in
554 792 708 842 facies
745 807 952 860 corpora
985 808 1134 842 versa
1167 797 1338 843 novas

182 958 234 993 ita
263 961 441 1002 capienda
469 961 578 1002 sunt,
608 962 648 992 ut
679 967 743 992 eos
770 967 837 992 sex
866 960 916 992 li-

181 1017 269 1048 bros
295 1018 367 1048 tum
391 1016 546 1047 nondum
560 1015 695 1056 politos
707 1017 815 1056 atque
827 1024 915 1057 per-

181 1073 300 1104 sectos
324 1062 437 1103 fuisse
461 1071 721 1113 intelligamus,
743 1080 812 1112 quo
828 1079 916 1105 sen-

182 1135 227 1159 su
256 1128 382 1158 eadem
411 1127 528 1159 verba
557 1128 616 1159 Tr.
650 1129 681 1168 Ι,
715 1128 750 1169 6,
782 1126 835 1159 14.
871 1127 915 1158 de

181 1182 339 1214 nondum
367 1181 536 1214 absoluto
570 1183 915 1253 Metamorphoseon

143 1235 156 1238 “
181 1244 294 1277 opere
316 1237 499 1279 leguntur.

225 1314 302 1345 550.
336 1314 435 1345 Idem
457 1313 663 1346 versiculus
686 1316 742 1347 est
761 1314 859 1347 Fast.
881 1315 913 1357 1,

180 1368 274 1411 714„
297 1368 368 1400 ni'si
392 1370 485 1409 quod
509 1369 558 1402 ih‘i
587 1369 736 1402 libellus
766 1371 822 1402 est
844 1379 912 1410 pro

180 1425 366 1466 volumen,
388 1426 482 1465 quod
504 1425 537 1457 h.
560 1426 585 1457 1.
609 1432 682 1458 non
707 1425 913 1466 patiebatur

182 1488 328 1522 versus,
352 1479 409 1520 qui
432 1479 636 1520 praecedit:
669 1482 778 1521 atque
800 1482 913 1513 facile

183 1534 436 1576 perspicimus,
459 1535 554 1566 unde
583 1535 769 1576 scriptura
802 1539 926 1579 Mon„

174 1589 295 1631 ,Busl.,
318 1591 394 1621 Iun.
415 1591 468 1623 .et
500 1592 568 1634 ΧΠ
605 1591 758 1624 aliorum
793 1593 914 1625 Heius.

186 1646 224 1675 et
257 1644 378 1679 Berol.
415 1645 564 1679 libellus
595 1647 771 1688 originem
814 1656 915 1680 suam

181 1699 324 1731 habeat.
348 1716 392 1724 ·—-
421 1700 468 1733 V.
490 1702 566 1734 551.
601 1703 677 1734 Pal.
708 1703 739 1735 1.
759 1700 916 1746 'iamque

186 1754 264 1785 tuo.
311 1756 459 1799 Buslid.,
482 1759 532 1791 IX
552 1757 614 1791 alii
626 1759 762 1801 Heins.,
783 1760 865 1801 seg.
879 1760 917 1792 et

184 1809 292 1842 Crev.
315 1811 504 1852 scriptum
526 1820 659 1853 nuper.
703 1814 770 1847 Ed.
781 1814 915 1847 Bonon

183 1872 268 1896 cnm
290 1865 448 1898 nomine.

227 1941 305 1975 552.
343 1941 426 1974 Tibi
459 1944 667 1975 sacratum.
727 1943 796 1986 Qui
824 1947 916 1979 haec

181 1997 376 2050 inscriptio
428 1999 566 2040 potest·
602 1999 791 2033 conciliari
837 2010 916 2033 cum

182 2053 346 2096 Fast.1,
376 2055 425 2098 3.,
454 2055 514 2087 ubi
545 2055 763 2088 Germanico
785 2064 915 2088 sacra-

183 2109 258 2141 tum
288 2117 381 2150 opus
415 2095 594 2151 legimus?
638 2109 781 2142 Prafl'z.
842 2112 914 2143 Ita.

71 2185 81 2195 ,
119 2162 144 2179 “
183 2164 258 2196 Sex
281 2164 367 2196 illos
395 2165 590 2197 Fastorum
617 2164 734 2198 libros
765 2165 914 2199 Ovidius

181 2219 322 2251 Romae
344 2219 521 2262 scr1ptos,
554 2221 619 2252 sed
647 2222 805 2263 nondum
827 2230 916 2263 per-

183 2274 322 2317 fectos,
345 2276 509 2316 Augusto
533 2275 736 2313 dedicarat-
778 2277 916 2318 Verum

186 2338 291 2370 quum
324 2330 362 2362 in
395 2330 523 2362 exsilio
555 2339 644 2372 opus
674 2332 917 2364 retractasset

181 2386 220 2417 et
241 2384 410 2417 »ultimam
438 2385 472 2417 ei
500 2393 641 2419 manum
672 2378 916 2429 imposuisset,

182 2442 292 2482 atque
321 2440 465 2474 interim
477 2443 660 2484 Augustus
685 2450 706 2474 e
729 2442 824 2474 vivis
848 2450 915 2474 ex-

131 2514 134 2517 ·
163 2536 166 2541 .
184 2497 369 2539 cessisset,
382 2498 510 2538 postea
525 2497 674 2531 caesari
696 2497 914 2530 Germanico
934 2527 940 2533 ,

182 2553 273 2585 illud
298 2552 488 2585 dedicavit.
529 2555 627 2586 Unus
642 2553 720 2587 Pol.
739 2555 776 2585 et
798 2553 833 2584 11
854 2551 917 2585 alii

182 2608 304 2641 Heins.
326 2607 423 2649 fors.

227 2686 303 2717 553.
338 2684 393 2716 Et
407 2682 584 2717 dedimus.
630 2686 869 2728 Tragoediam
892 2694 914 2718 a

181 2739 296 2781 poeta
318 2740 389 2773 iam
419 2740 551 2773 editam
581 2739 694 2773 fuisse
716 2744 779 2775 aut
802 2743 914 2775 scribi

182 2796 364 2837 coeptam,
388 2803 468 2827 cum
490 2787 645 2829 Amores
667 2806 754 2829 suos
771 2798 912 2830 scribe-

180 2851 254 2892 ret,
278 2849 515 2885 ‘manifestum
543 2853 599 2884 est
627 2859 674 2885 ex
706 2853 830 2886 Amor.
861 2854 910 2894 11,

982 949 1040 1001 18}
1063 961 1115 994 13.
1144 962 1182 994 et
1202 962 1277 1003 111,
1308 959 1349 1003 1,
1380 960 1434 993 87.
1483 959 1568 994 Fuit
1591 960 1712 992 autem

981 1018 1127 1059 Medea,
1151 1025 1242 1059 quae
1266 1016 1454 1056 deperdita
1477 1016 1548 1058 est,
1572 1016 1615 1047 de
1640 1022 1709 1055 qua

981 1075 1088 1106 Auct.
1123 1074 1167 1105 dc
1204 1072 1350 1106 caussis
1389 1064 1586 1111 corruptae
1628 1069 1711 1100 elo-

981 1118 1148 1169 ‹juentIae
1177 1132 1219 1159 c.'
1242 1127 1305 1159 13:
1350 1125 1434 1158 Nec
1461 1126 1563 1158 ullus
1590 1123 1713 1157 Asinii

980 1184 1051 1216 aut
1084 1183 1275 1215 Messalae
1306 1180 1403 1214 liber
1435 1182 1512 1215 tam
1543 1178 1711 1213 illustris

982 1238 1048 1279 est,
1071 1245 1183 1279 quam
1206 1238 1342 1270 Medea
1366 1235 1487 1270 Ovidii
1510 1236 1579 1268 aut
1599 1234 1711 1282 Varii

985 1293 1180 1333 Thyeste33
1204 1296 1242 1325 et
1263 1292 1382 1335 Quint.
1411 1294 1454 1326 X.
1479 1301 1510 1325 c.
1534 1290 1564 1323 1.
1587 1291 1621 1330 S.
1645 1290 1712 1323 98:

984 1348 1105 1382 Ovidii
1128 1348 1264 1381 Medea
1285 1347 1438 1381 videtur
1467 1345 1558 1378 mihi
1582 1345 1709 1377 osten-

981 1405 1082 1446 dere,
1112 1405 1293 1446 quantum
1322 1401 1384 1436 vir
1412 1401 1480 1435 ille
1507 1398 1714 1444 praestare

978 1460 1166 1502 potuerit,
1196 1459 1230 1491 si
1251 1458 1401 1500 inqenio
1424 1466 1491 1490 suo
1517 1458 1710 1499 tempera-

979 1523 1042 1556 re,
1099 1523 1213 1556 qaam
1260 1513 1459 1555 indulgere
1507 1512 1713 1546 maluisset.

982 1570 1086 1604 eonf.
1121 1568 1241 1612 Quint.
1274 1569 1371 1602 VIII.
1407 1577 1438 1600 c.
1476 1570 1508 1600 5.
1568 1567 1713 1609 Regale

980 1624 1167 1665 scriptum
1212 1633 1278 1657 cur
1322 1623 1512 1664 tragoedia
1554 1618 1712 1664 dicatur,
1747 1630 1749 1637 ’

981 1680 1209 1712 manifestum
1246 1680 1312 1711 est.
1372 1679 1463 1712 Nam
1498 1679 1542 1710 de
1563 1678 1711 1720 regibus

982 1736 1046 1767 aut
1068 1743 1194 1776 regum
1215 1742 1352 1776 genere
1384 1735 1582 1788 pleraeque
1602 1736 1712 1766 vetu-

982 1791 1062 1823 stae
1086 1790 1298 1832 tragoediae
1320 1791 1442 1833 erant,
1465 1791 1503 1822 et
1524 1791 1607 1822 erat
1627 1790 1712 1824 Me-

984 1846 1052 1877 dea
1074 1845 1203 1886 regina
1230 1846 1268 1877 et
1294 1845 1392 1886 regis
1423 1843 1508 1877 filla.
1559 1843 1642 1877 Vid.
1665 1844 1713 1876 ad
1736 1885 1746 1891 ,

982 1909 1019 1932 v.
1051 1899 1127 1932 387.
1181 1900 1284 1932 Pont.
1316 1896 1394 1942 IV,
1428 1900 1461 1932 2.
1519 1899 1712 1942 Severum,

982 1954 1257 1996 tragoediarum
1300 1948 1547 1998 scriptorem,
1587 1946 1724 1987 vatem’

981 2015 1205 2049 maynoram
1225 2017 1357 2051 reyam
1377 2009 1553 2051 appellat.
1605 2009 1715 2044 conf.

980 2064 1084 2095 Pont.
1106 2064 1174 2105 IV,
1200 2063 1256 2106 16,
1281 2065 1313 2096 9.

1024 2149 1100 2183 554.
1136 2142 1349 2184 Gothurnis.
1402 2150 1609 2186 Cothurnns
1631 2151 1715 2184 erat
1750 2160 1754 2163 ’

981 2205 1122 2248 planta,
1145 2206 1356 2248 plerumque
1379 2206 1603 2240 altitudinem
1625 2207 1710 2249 pal-

982 2269 1062 2293 mae
1090 2260 1248 2304 habens,
1295 2271 1364 2303 quo
1402 2262 1533 2304 tragici
1562 2257 1711 2296 act‘ores

982 2317 1191 2361 utebantur,
1219 2317 1453 2358 incedebant3
1489 2317 1573 2350 hinc
1601 2317 1713 2349 etiam

982 2383 1050 2416 pro
1074 2374 1152 2415 ipsa
1171 2373 1373 2423 tragoedia.
1417 2372 1714 2407 Vid.Winke1m.

982 2430 1026 2462 Η.
1038 2430 1151 2462 A.V1.
1167 2437 1197 2461 e.
1221 2430 1252 2461 2.
1276 2430 1310 2470 s.
1334 2431 1380 2472 6.,
1406 2430 1464 2471 qui
1481 2423 1612 2462 ‘laudat
1635 2427 1713 2462 cic.

983 2485 1027 2516 de
1054 2483 1168 2516 Finib.
1198 2485 1259 2516 111.
1291 2493 1321 2517 c.
1353 2485 1405 2518 14.
1414 2506 1428 2528 ,
1457 2482 1644 2525 Boettiger
1673 2482 1711 2515 in

980 2539 1092 2583 libro,
1117 2540 1176 2580 qui
1202 2540 1412 2573 inscribitur
1433 2538 1711 2581 Furienmaske,

957 2616 962 2622 ·
980 2604 1015 2636 p.
1037 2595 1092 2628 41.
1139 2596 1244 2630 conf.
1266 2598 1389 2629 Amor.
1411 2597 1478 2639 111,
1501 2595 1539 2638 15
1567 2594 1620 2628 14.

1024 2686 1099 2717 555.
1128 2684 1268 2716 Manus
1279 2682 1603 2727 ultima—defuit.
1627 2683 1712 2717 Vid.
1777 2709 1806 2730 ι.

979 2742 1011 2782 1,
1041 2741 1072 2773 7.
1104 2742 1141 2773 et
1169 2743 1220 2782 11,
1250 2740 1302 2772 63.
1355 2741 1452 2772 Unus
1475 2739 1598 2772 Heius.
1622 2746 1709 2771 coe-

975 2794 1047 2835 pti.
1090 2796 1166 2828 Pal.
1185 2796 1216 2828 2.
1241 2797 1278 2829 et
1290 2795 1384 2828 alius
1401 2793 1521 2827 Heius.
1536 2795 1573 2826 et
1585 2794 1707 2827 Berol.

978 2850 1129 2892 coeptis.
1151 2867 1195 2874 —
1217 2852 1272 2884 De
1294 2850 1401 2883 indic.
1424 2859 1459 2882 v.
1483 2849 1529 2882 ad
1547 2851 1580 2891 1,
1597 2850 1632 2891 2,
1654 2849 1706 2882 11.
