1846 3146
113 177 213 231 148

353 169 411 220 P.
446 160 668 217 0V1D11
701 151 1014 209 NASONIS
1047 139 1390 201 TRISTIUM

115 301 254 364 Ergo
286 292 525 346 hominum
559 283 827 351 quaesitum
848 277 1012 329 odium
1034 271 1150 324 mihi
1176 265 1402 324 carmine,
1438 269 1639 327 quaque

185 378 384 436 Debuit,
419 376 496 423 est
529 368 698 419 vultus
727 362 880 413 turba.
902 361 1072 410 secuta
1105 359 1230 403 tuos.

125 465 211 526 At,
245 453 463 516 memmi,
497 454 743 515 vitamque
775 460 927 495 meam
966 448 1222 500 moresque
1254 425 1497 499 probabas

193 545 307 604 1110,
341 554 480 606 quem
515 533 741 591 dederas⁷
779 522 1132 596 praetereuntis
1166 529 1306 582 equo.

1594 503 1660 553 9⁰

136 709 228 746 tum)
269 702 408 738 rimam
441 696 552 742 facit,
587 692 726 727 cuncta
756 686 862 724 dehi-
928 685 1044 718 nitivo
1067 677 1138 713 mei
1162 685 1252 718 opus
1287 678 1368 706 esse
1397 667 1550 711 propter
1573 663 1662 697 illud

137 762 245 798 scunt
269 760 342 800 (et)
374 764 440 788 suo
469 750 655 795 quondam
683 747 864 790 (quando-
929 732 1223 781 praetereuntis.
1270 731 1392 763 Amor.
1416 726 1448 767 1,
1469 723 1506 764 8,
1530 719 1605 752 108.

140 819 225 861 que)
275 812 446 855 pondere
492 807 624 840 tracta
667 798 867 835 corruunt.

140 875 298 908 Veteres
348 865 526 900 editiones
578 859 664 901 ipsa
723 864 791 888 suo
833 853 872 886 et

143 926 331 971 quondam
367 918 538 963 pondere
578 913 709 947 tracta
741 907 872 942 ruunt.

144 1002 189 1010 --
230 980 332 1017 Leid.
377 970 582 1010 dehiscant.
679 966 873 1008 Quondam

147 1037 319 1074 exhibent
367 1035 463 1066 Mor.
476 1050 490 1072 ,
544 1024 666 1067 Busl.,
719 1022 797 1056 Pol.
843 1020 875 1052 1.

149 1099 188 1129 et
220 1095 274 1138 2.,
306 1089 384 1124 Pal.
417 1086 468 1128 1.,
502 1082 625 1123 Leid.,
654 1081 747 1119 Iun.,
779 1074 877 1115 Rei„

153 1149 273 1185 Guelf.
296 1154 321 1179 a
343 1143 375 1178 1.
398 1150 459 1183 m.,
480 1137 607 1172 IXalii
628 1134 750 1168 Heius.
775 1130 878 1162 codd.

156 1208 193 1239 et
226 1205 281 1237 ed.
315 1208 386 1243 pin,
420 1195 570 1238 Dresd.,
603 1189 745 1231 Ber-ol„
781 1187 882 1226 seg„

157 1261 264 1295 Crev.
287 1273 330 1280 —
352 1253 430 1287 Pal.
453 1252 486 1284 2.
514 1248 690 1292 quodam.
744 1238 886 1281 Reliqui

159 1312 244 1349 libri
265 1308 459 1354 quaedam.
505 1303 651 1343 Dresd.,
674 1298 786 1339 Gall„
810 1296 887 1328 Gu-

162 1371 224 1402 elf.
248 1376 271 1400 a
294 1367 326 1399 1.
349 1373 418 1405 m.,
454 1359 560 1394 Goth.
567 1378 582 1400 ,
619 1353 740 1388 Berol.
777 1350 889 1383 tecta.

165 1427 260 1460 Mor.
284 1430 308 1454 a
330 1420 361 1452 1.
382 1427 428 1452 m.
452 1417 490 1448 et
511 1414 567 1445 ed.
590 1412 726 1444 Bonon.
745 1405 890 1450 fracta.

167 1476 376 1521 Iun.facta.
416 1474 501 1513 Seg.
516 1467 634 1502 tacta.
666 1466 772 1497 Rern.
786 1462 894 1495 stra-

169 1538 226 1570 ta.
267 1528 410 1572 Reliqui
432 1527 536 1576 codd.
568 1525 606 1557 et
627 1521 718 1555 vett.
743 1516 896 1551 tracta.-

171 1594 331 1627 severus
353 1587 391 1619 in
412 1583 550 1618 Aetna:

240 1674 370 1706 Ell'umat
402 1669 509 1703 moles,
544 1667 633 1702 atque
668 1661 734 1698 ipso
769 1655 903 1694 pondero

573 1709 672 1738 tracta

242 1761 383 1793 Volvitur
399 1756 517 1795 ingenti
550 1753 679 1790 strepitu
695 1764 730 1772 -

226 1845 323 1886 Ipsa
344 1849 416 1875 non
440 1840 495 1871 est
519 1835 626 1876 aden,
650 1834 691 1865 ut
712 1828 774 1863 alii
794 1826 911 1860 inter-

184 1898 319 1943 pretati
341 1899 442 1937 sunt3
468 1901 549 1926 nam
574 1892 648 1923 tum
660 1886 824 1920 scribere
848 1883 914 1913 de·-

186 1955 323 1990 buisset
345 1951 439 1993 ipso,
463 1949 528 1981 sed
549 1946 636 1987 ipsa
656 1949 723 1974 suo
746 1937 915 1981 positum,

189 2013 230 2044 ut
251 2020 288 2044 v.
310 2009 358 2050 2.,
383 2005 444 2038 ubi
466 2004 539 2038 vid.
562 2002 638 2034 not.

235 2099 289 2133 87.
322 2097 399 2130 lun.
411 2091 537 2128 odium
549 2094 673 2132 quaes.
686 2083 782 2117 hom.
809 2077 921 2120 BusL,

193 2156 274 2190 nel.
299 2156 337 2187 et
359 2150 466 2185 Goth.
489 2142 697 2189 quaesitum
716 2137 782 2172 est.
810 2134 925 2168 'Mira

197 2209 417 2250 interpretes
449 2204 483 2237 h.
512 2201 538 2234 l.
561 2199 692 2231 iterum
714 2196 759 2227 de
779 2190 924 2233 ingrato

198 2274 290 2299 sono
315 2260 513 2303 disputant,
536 2254 636 2297 quasi
652 2247 860 2294 quaesitum
884 2251 927 2275 o·-

202 2321 302 2354 dium
314 2326 386 2351 non
398 2314 596 2348 illidantur.
639 2306 785 2346 Dresd.‚
805 2301 929 2340 Crem,

204 2375 325 2410 Berol.
358 2377 513 2416 quoque.
585 2363 715 2399 Dresd.
756 2366 780 2391 a
817 2354 857 2389 2)
887 2363 932 2387 m.

206 2438 362 2474 quaque.
406 2427 453 2459 V.
475 2425 529 2458 88.
562 2421 641 2454 Put.
665 2413 817 2449 etheid.
833 2417 933 2444 suos.

207 2491 311 2522 Bern.
335 2489 448 2517 meos.

255 2574 309 2607 89.
348 2570 543 2608 vitamque
582 2568 714 2596 meam.
794 2551 939 2593 Dresd„

215 2629 339 2670 Goth„
362 2627 461 2666 Seg„
490 2621 567 2655 Pal.
591 2619 622 2652 1.
647 2619 684 2649 et
706 2615 754 2656 2.,
787 2611 873 2643 Vat.
896 2606 943 2648 1.,

216 2686 317 2726 Put.‚
362 2679 479 2720 Gall„
530 2674 626 2708 Busl.
638 2695 651 2715 ,
694 2672 786 2710 lun„
829 2663 945 2703 Leid.,

219 2738 364 2775 Pirckh.
387 2737 424 2769 et
446 2732 530 2767 XIX
558 2728 621 2761 alii
649 2725 794 2766 Heius„
826 2721 947 2758 Rern„

222 2793 359 2835 aneis„
382 2791 491 2825 crev.
511 2783 602 2825 mei,
625 2781 678 2815 'ab
699 2776 837 2822 ignaris
858 2780 948 2815 pro-

224 2850 285 2883 cul
306 2846 414 2881 dubio
435 2840 611 2884 librariis,
629 2836 688 2880 qui
699 2831 871 2878 putarent
882 2834 950 2871 ge-

1001 822 1042 852 Ut
1062 825 1148 848 meae
1178 815 1340 846 defunctae
1365 810 1499 839 molliter
1523 813 1594 836 ossa
1613 812 1668 833 cu-

1329 859 1411 887 bont.

939 917 1048 952 Trist.
1070 913 1138 955 Ν,
1160 911 1196 953 3,
1220 908 1272 941 19.

1005 987 1145 1020 vultibus
1169 985 1224 1014 illa
1249 983 1310 1013 tuis
1334 982 1475 1015 tanquam
1499 971 1673 1010 praesentis

1338 1023 1478 1054 inhaeret

944 1085 1028 1118 ner.
1050 1081 1102 1123 V,
1124 1078 1178 1113 45.

1012 1157 1053 1186 Et
1070 1153 1150 1184 flesti
1173 1154 1204 1182 et
1221 1152 1341 1180 nostros
1349 1139 1466 1220 ¹vidisti
1478 1142 1577 1173 flentis
1594 1140 1679 1170 ocel-

1363 1198 1407 1220 os.

953 1272 1058 1308 Cous.
1086 1270 1162 1302 not.
1191 1266 1239 1299 ad
1271 1265 1309 1306 1,
1347 1264 1389 1304 5,
1422 1258 1479 1292 41.
1536 1252 1684 1296 Equites

954 1324 1107 1362 Romani
1147 1331 1170 1354 a
1212 1326 1365 1353 censore
1405 1311 1551 1355 publico
1584 1305 1686 1350 {equo

958 1381 1208 1419 donabantur,
1238 1382 1307 1416 quo
1339 1372 1390 1405 ld.
1421 1367 1563 1411 Quinct.
1587 1362 1687 1402 (Liv.

958 1440 1019 1473 1x.
1043 1445 1074 1469 c.
1099 1434 1159 1470 46)
1184 1426 1351 1463 trabeati
1379 1421 1592 1460 insidentes,
1624 1425 1690 1450 co-

962 1498 1063 1526 rona
1094 1483 1222 1521 ornati
1254 1480 1459 1524 oleaqinea,
1493 1476 1539 1509 ab
1561 1475 1692 1508 Hono-

963 1546 1022 1581 ris
1043 1543 1121 1578 sive
1142 1538 1287 1575 Martis
1316 1536 1454 1576 templo
1488 1531 1577 1564 ante
1602 1535 1694 1562 cen-

966 1608 1091 1635 sorem
1119 1597 1181 1630 vel
1208 1591 1448 1636 praefectum
1476 1593 1624 1621 morum
1653 1582 1694 1616 in

970 1653 1199 1699 Capitolium
1236 1643 1589 1682 tran-evehebantur.
1655 1634 1724 1669 Si.

971 1713 1051 1747 sine
1068 1711 1187 1750 culpa
1206 1704 1338 1744 essent,
1351 1699 1525 1740 abibant5
1548 1682 1699 1729 sin'ali-

975 1770 1057 1810 ter„
1101 1761 1283 1797 sistebant
1315 1759 1353 1791 et
1380 1762 1514 1799 equum
1541 1750 1703 1785 vendere

975 1820 1211 1857 iubebantur.
1228 1814 1354 1850 Verba
1364 1813 1448 1845 sunt
1459 1808 1586 1844 Aurel.
1606 1805 1705 1840 Vict-

980 1882 1025 1913 de
1046 1877 1146 1912 Viris
1175 1874 1308 1907 illustr.
1355 1878 1386 1903 c.
1426 1866 1480 1900 32.
1532 1861 1602 1905 Qui
1628 1868 1707 1892 mos

982 1937 1135 1969 auctore
1164 1929 1270 1966 Livio
1304 1928 1366 1960 IX.
1396 1933 1427 1957 c.
1457 1921 1511 1955 46.
1542 1926 1566 1951 a
1594 1915 1708 1950 Fabio

983 1990 1165 2024 institutus
1189 1994 1212 2017 a
1234 1984 1274 2017 C.
1297 1984 1325 2015 1.
1349 1976 1516 2015 caesaris
1535 1969 1709 2013 tempori-

984 2046 1052 2079 bus
1082 2040 1221 2083 negligi
1255 2035 1446 2077 coeperat3
1488 2031 1553 2064 sed
1586 2029 1727 2068 Augu-x

987 2103 1082 2143 stus,
1112 2094 1322 2140 praefectus
1352 2096 1491 2123 morum
1522 2093 1601 2119 cum
1625 2090 1715 2114 cen-

989 2149 1331 2196 soria-auctoritate
1344 2167 1358 2188 ,
1392 2152 1483 2186 quae
1507 2140 1661 2183 dignitas
1683 2135 1718 2167 ei

993 2213 1143 2246 decreta
1165 2208 1221 2240 est
1243 2199 1516 2237 aDCCXXXV.
1539 2191 1719 2235 (vunnu)

995 2268 1091 2304 LIV.
1115 2274 1146 2298 c.
1170 2264 1201 2296 2.
1226 2262 1279 2295 10.
1304 2260 1375 2296 30.)
1392 2255 1555 2299 equitum
1573 2251 1722 2283 turmas

995 2319 1216 2367 frequenter
1254 2311 1478 2355 recognovit
1516 2306 1606 2350 post
1638 2304 1724 2336 lon-

998 2383 1087 2421 9am
1108 2369 1429 2411 intercapedinem
1443 2363 1599 2398 reducto
1619 2366 1725 2393 more

1002 2426 1306 2467 transvectionis,
1314 2427 1354 2457 ut
1363 2421 1473 2456 tradit
1483 2421 1583 2454 Suet.
1592 2419 1683 2457 Aug.
1694 2421 1726 2446 c.

1003 2489 1057 2522 38.
1101 2485 1185 2519 Vid.
1215 2483 1312 2523 Lips.
1341 2480 1387 2511 ad
1408 2478 1492 2510 Tac.
1524 2470 1655 2507 Annal.
1683 2468 1728 2500 11.

1006 2553 1038 2577 c.
1060 2542 1115 2575 83.
1139 2542 1176 2572 et
1198 2539 1241 2570 de
1264 2535 1369 2570 Milit.
1393 2529 1541 2565 RDial.
1563 2527 1626 2567 V„
1648 2520 1731 2556 Iiiv.

1008 2599 1133 2634 XLIII.
1158 2605 1188 2629 c.
1213 2594 1282 2635 16„
1303 2591 1394 2624 Plin.
1415 2586 1495 2620 XV.
1519 2592 1550 2616 c.
1573 2581 1604 2614 4.
1641 2579 1733 2612 Dio-

1009 2665 1091 2698 nys.
1119 2651 1201 2686 Hal.
1232 2651 1275 2682 A.
1308 2648 1351 2679 R.
1381 2643 1444 2676 v1.
1478 2655 1524 2664 ·-
1555 2633 1735 2670 Probarat

1011 2712 1122 2754 igitur
1151 2705 1334 2748 Augustus
1367 2694 1523 2735 Nasonis
1550 2696 1670 2725 mores
1698 2687 1737 2718 et

1014 2767 1141 2807 vitam,
1169 2768 1261 2803 equo
1290 2763 1364 2792 non
1393 2751 1545 2787 ademto.
1595 2745 1678 2779 Vid.
1700 2752 1736 2776 v.

1016 2822 1092 2857 541.
1137 2820 1271 2852 Bersm.
1291 2807 1393 2846 mihi.
