1846 3146
189 172 288 223 182

433 170 490 221 P.
528 143 750 221 o'vmn
783 170 1098 223 NASONIS
1135 171 1476 226 TRISTIUM

189 291 417 359 Corpora
451 292 688 343 Vestales
723 293 857 344 oculi
889 296 1166 345 meretricia
1201 300 1422 356 cernunt,

255 377 370 427 Nee
405 374 599 426 domino
634 391 826 443 poenae
859 393 942 428 res
977 393 1037 428 ea
1071 394 1220 429 causa
1251 379 1358 428 fuit.

188 461 263 511 At
297 475 383 509 eur
417 460 468 507 in
501 464 669 514 nostra
702 462 848 510 nimia
883 466 961 511 est
993 460 1206 511 lascivia
1239 462 1427 522 Musa‚'

254 541 428 595 Curve
462 557 596 591 meus
633 544 855 608 cuiquam
889 544 1065 594 suadet
1096 561 1259 595 amare
1292 542 1457 595 liber?

189 627 281 678 Nil
349 627 444 675 nisi
511 631 762 692 peecatum
821 629 1173 694 manifestaque
1228 627 1388 696 eulpa:
1480 626 1729 678 fatendum

1630 708 1730 762 315

1053 716 1142 760 est.

253 791 484 842 Poenitet
516 793 700 856 ingenii
738 794 1003 860 iudiciique
1041 795 1149 844 mei.

191 871 296 924 Cur
331 890 430 924 non
463 875 722 940 Argolicis
756 880 920 944 potius
956 893 1080 943 quae
1115 875 1332 927 concidit
1366 878 1509 926 armis
1523 912 1530 919 2

256 957 461 1010 Vexata
496 964 573 1008 est
606 961 780 1010 iterum
815 963 1026 1012 carmine
1059 960 1215 1012 Troia
1247 957 1393 1010 meo?

232 1091 381 1133 Nudas,
425 1092 689 1136 seminudatas,
737 1103 807 1136 quo
838 1095 926 1127 alli-

140 1134 154 1146 *
191 1148 291 1181 olant
313 1150 359 1180 ad
379 1148 562 1181 Venerem
581 1151 618 1182 et
634 1153 830 1190 quaestum.
855 1152 926 1185 Be-

191 1202 263 1234 rol.
297 1202 544 1243 supercilium
584 1205 707 1237 nudat
747 1206 928 1239 matrona

190 1266 372 1291 severum.
397 1274 444 1282 -

235 1333 311 1367 311.
352 1335 546 1378 Vestales,
592 1344 660 1378 pro
706 1338 926 1382 Vestalium,

191 1398 341 1432 quarum
351 1391 519 1425 nimirum
534 1401 674 1426 summa
695 1393 757 1426 lex
779 1402 824 1426 ae
846 1395 926 1427 vlr-

191 1449 249 1480 tus
273 1446 434 1480 castitas.
479 1448 564 1481 Vid.
586 1450 634 1481 ad
656 1450 724 1491 m,
747 1448 782 1491 1,
804 1450 859 1482 29.

237 1523 314 1556 812.
352 1522 533 1565 Domino,
562 1525 703 1569 lenoni,
736 1529 795 1569 qui
818 1537 926 1561 scor-

192 1582 314 1613 torum
352 1579 613 1619 prostitutione
645 1586 834 1622 quaestum
869 1585 929 1617 fa·-

194 1636 263 1677 cit;
293 1643 410 1677 genus
441 1635 621 1668 hominum
655 1645 677 1669 e
709 1639 871 1672 Terentii
893 1643 931 1673 et

192 1691 312 1724 Plauti
323 1689 468 1724 *fabulis
479 1691 715 1726 notissimum.
760 1694 843 1727 vid.
851 1696 930 1728 Iuv.

193 1749 271 1781 Sat.
294 1748 369 1789 VI,
403 1746 478 1779 127.
513 1763 553 1770 --
587 1747 684 1780 Gall.
709 1757 785 1782 non
807 1749 930 1783 domi·-

192 1813 277 1837 nae.

239 1880 315 1914 313.
349 1882 426 1914 Pal.
449 1883 481 1914 2.
506 1883 544 1913 et
566 1883 656 1914 vett.
680 1883 760 1915 edd.
774 1883 817 1914 at
830 1890 934 1925 qua-—

193 1945 250 1970 re.
304 1937 351 1970 V.
383 1937 459 1970 314.
493 1937 571 1968 Pal.
600 1938 632 1968 2.
661 1926 699 1969 et
726 1939 814 1969 vett.
847 1939 927 1970 edd.

194 1999 480 2033 meusnequam.
525 1993 602 2023 Iun.
614 1990 826 2035 quicquam.
855 1994 926 2025 Be—

194 2048 265 2081 rol.
289 2049 328 2080 et
350 2048 446 2081 Gall.
471 2055 543 2081 cur
570 2046 720 2079 veneris
741 2046 926 2088 cuiquam.

241 2125 316 2158 315.
353 2125 568 2159 Fatendum
597 2126 663 2157 est.
722 2126 799 2157 Pal.
831 2125 862 2158 1.
892 2127 930 2157 et

195 2182 243 2222 2.,
268 2180 577 2223 Guelf.,.Frane.,
599 2181 714 2223 Busl.,
724 2181 868 2213 Pirekh.
892 2183 945 2213 et-

196 2238 232 2270 V
255 2236 319 2268 alii
341 2236 463 2268 Heius.
493 2252 539 2261 —-
566 2236 710 2278 Reliqui
736 2245 817 2268 cum
838 2238 930 2268 vett.

197 2294 278 2325 edd.
298 2292 462 2334 fatenda
483 2293 557 2334 est,
591 2293 661 2326 nisi
691 2294 787 2333 quod
809 2293 929 2324 Berol.

194 2348 370 2390 ferenda.
408 2349 542 2389 ‘Neque
563 2357 717 2389 prorsus
747 2356 822 2380 11011
844 2350 932 2388 apta

199 2407 256 2437 est
276 2405 461 2445 scriptura
477 2403 638 2445 fatenda
660 2404 733 2444 est„
742 2405 931 2437 dummodo

199 2468 278 2492 cum
311 2462 399 2492 vett.
433 2461 513 2494 edd,
545 2459 783 2501 interpungas
814 2464 850 2490 et
873 2458 930 2490 iu-

199 2516 363 2557 telligas:

261 2588 311 2617 Nil
330 2589 388 2618 nisi
412 2592 568 2624 peccatum
592 2589 685 2624 &³03
711 2589 932 2625 manifestaque

592 2634 681 2669 culpa
699 2633 823 2662 fatenda
841 2636 898 2662 est.

201 2702 274 2732 Sed
304 2702 351 2733 ab
390 2701 520 2736 Ovidio
555 2704 638 2736 mihi
675 2711 756 2736 esse
787 2703 935 2735 videtur

197 2757 395 2799 fatendum
419 2759 485 2791 est.
531 2761 741 2793 Dramatica
766 2759 934 2792 nimirum

200 2817 257 2845 est
279 2814 395 2854 figura
420 2816 608 2848 orationis.
643 2817 750 2848 Nova
772 2815 840 2847 sibi
863 2814 931 2846 ob-

200 2868 292 2900 iicit:
351 2869 404 2901 At
445 2878 515 2901 cur
554 2869 660 2902 nimii
691 2870 731 2902 in
766 2868 932 2902 carmine

992 1095 1127 1127 nostro
1146 1092 1302 1137 fuimus,
1313 1093 1377 1127 vel
1398 1100 1471 1126 cur
1495 1091 1644 1125 omnino
1666 1093 1730 1126 ul-
1798 1119 1800 1121 ,

994 1151 1085 1192 lam,
1116 1149 1195 1183 sive
1222 1150 1443 1183 matronam
1471 1148 1731 1183 Sivaliberti-

995 1213 1096 1246 nam,
1130 1213 1265 1239 amare
1294 1204 1487 1238 docuimus
1522 1204 1620 1239 Arte
1658 1213 1732 1237 no-

994 1258 1108 1294 stra?
1139 1261 1232 1299 (lam
1265 1271 1301 1294 v.
1332 1261 1410 1294 315.
1434 1261 1480 1292 ad
1503 1267 1549 1294 ea
1570 1268 1730 1302 respon-

994 1315 1091 1353 detz)
1122 1315 1193 1348 Nil
1223 1315 1297 1348 nisi
1317 1316 1518 1357 peccatum
1544 1315 1602 1348 est
1620 1315 1731 1358 illud,

993 1371 1095 1413 quod
1122 1371 1193 1403 hoc
1222 1370 1408 1413 fecimus,
1452 1371 1491 1404 et
1521 1369 1729 1413 manifesta

994 1428 1109 1468 culpa
1153 1428 1233 1460 est.-
1287 1426 1358 1460 hoc
1407 1425 1556 1469 quidem
1596 1425 1730 1468 faten-

995 1483 1106 1524 dum,
1152 1481 1214 1515 vel
1279 1480 1414 1523 negari
1467 1489 1544 1514 non
1587 1481 1734 1525 potest,-

995 1539 1076 1576 (ao)
1096 1535 1266 1578 poenitet
1285 1544 1344 1568 me
1361 1559 1370 1568 .
1390 1560 1398 1569 .
1421 1553 1466 1560 —-
1489 1538 1582 1574 (Iam
1604 1546 1640 1569 v.
1664 1536 1732 1572 ³17

997 1593 1123 1625 -326.
1146 1599 1245 1625 nova
1266 1592 1335 1624 sibi
1353 1593 1540 1635 opponit:)
1565 1591 1734 1626 Cur-non

998 1670 1006 1679 .
1031 1643 1071 1679 .?
1101 1647 1182 1685 (Ad
1213 1655 1305 1688 quae
1334 1656 1371 1681 v.
1398 1648 1475 1681 327.
1496 1649 1732 1691 respondeto

996 1701 1154 1744 Aryuor
1174 1701 1362 1735 immerito
1385 1726 1394 1734 .
1419 1725 1428 1734 .
1455 1719 1501 1728 —--
1530 1707 1589 1740 lta
1611 1704 1733 1738 omnia

998 1759 1119 1800 plana.
1165 1758 1218 1801 V,
1241 1758 1276 1801 1,
1300 1758 1355 1792 69.

1058 1846 1099 1873 At
1115 1845 1195 1874 mala
1211 1847 1283 1874 sunt
1299 1844 1473 1878 (carmina).
1497 1842 1621 1871 Fateor.
1656 1842 1732 1876 Quis

1325 1890 1356 1916 te
1379 1888 1459 1916 mala
1483 1893 1604 1916 sumere
1623 1886 1730 1922 cogit?

1110 1933 1172 1963 Aut
1207 1933 1275 1968 quis
1305 1933 1462 1968 deceptam
1494 1937 1610 1967 ponere
1634 1933 1733 1960 sumta

1326 1977 1439 2007 vetat?

992 2023 1140 2059 Merkel
1164 2023 1277 2057 dedit:

1063 2109 1115 2137 Nil
1137 2109 1197 2137 nisi
1220 2110 1378 2144 peccatum
1403 2107 1626 2143 manifestaque
1645 2109 1734 2145 culpa

1326 2151 1484 2181 fatendum
1503 2156 1550 2182 est
1567 2168 1601 2176 —-·

996 2222 1034 2253 et
1061 2220 1258 2263 fatendum
1285 2222 1417 2256 statuit
1456 2221 1564 2256 simul
1596 2223 1735 2265 referri

996 2278 1041 2309 ad
1061 2278 1261 2317 peccatum
1284 2281 1321 2310 et
1343 2278 1391 2310 ad
1414 2278 1539 2318 culpa.
1592 2279 1733 2320 Perpe-

997 2341 1086 2365 ram.
1120 2349 1164 2355 —-
1198 2333 1252 2366 IV
1285 2333 1422 2366 Heinsii
1456 2334 1513 2365 est
1550 2335 1730 2376 omittunt.

998 2388 1096 2420 Unus
1125 2388 1247 2420 Heius.
1277 2386 1462 2421 silendum
1491 2390 1647 2434 et‘aIIus
1667 2389 1731 2433 fe-

998 2443 1168 2475 rendum.

1018 2533 1120 2567 -317,
1149 2519 1540 2575 Aryoiicis—armis.
1585 2533 1731 2569 DeAr-

998 2588 1132 2631 yolicis
1160 2599 1229 2630 pro
1261 2589 1415 2622 Graecis
1448 2590 1522 2622 vid.'
1549 2590 1595 2622 ad
1624 2591 1666 2633 1,
1698 2590 1732 2634 1,

1001 2647 1055 2678 83.
1106 2647 1161 2679 De
1190 2646 1289 2678 bello
1319 2644 1480 2693 Troiano
1516 2647 1552 2677 et
1589 2646 1732 2679 excidio

1001 2701 1134 2733 Troiae
1158 2702 1278 2734 omnia
1299 2699 1383 2733 sunt
1404 2700 1633 2743 pervulgata.
1679 2701 1732 2733 11-
1773 2712 1800 2731 .-

1001 2758 1063 2789 lud
1085 2756 1215 2798 potius
1238 2756 1398 2798 pertinet
1429 2756 1474 2788 ad
1502 2756 1646 2789 vexata
1668 2756 1733 2788 est.

1000 2813 1103 2845 Conf.
1143 2822 1178 2845 v,
1213 2812 1290 2844 239.
1337 2827 1381 2833 -
1426 2811 1532 2845 Goth.
1570 2811 1732 2853 penita&
1797 2853 1802 2859 1

999 2867 1119 2899 Heins.
1145 2868 1198 2899 ed.
1224 2876 1278 2908 pr.
1296 2866 1462 2900 decidit.⁴
