1846 3146
194 170 258 218 66
433 170 488 218 Ρ.
525 170 748 220 0V1D11
782 171 1097 223 NASONIS
1133 170 1474 223 TRISTIUM

193 292 390 357 „Dique
424 292 747 357 relinquendi,
783 309 904 358 quos
937 294 1052 344 urbs
1086 295 1233 346 habet
1266 295 1368 343 alta
1402 294 1605 356 Quirini,

259 375 417 436 „Este
451 376 648 424 salutati
681 382 868 442 tempus
895 378 953 425 ‘iu
988 393 1128 427 omne
1159 378 1287 427 mihi.

193 458 294 517 „Et
328 475 593 524 quanquam
626 474 740 507 sero
776 459 1002 525 clypeum
1035 466 1149 526 post
1182 460 1392 510 vulnera
1424 477 1583 523 sumo,
1651 459 1718 509 35

259 541 522 601 „Attamen
556 541 683 591 hanc
716 542 844 591 odiis
876 549 1143 592 exonerate
1177 543 1355 608 fugam.

192 622 559 689 „Coelestique¹
583 626 717 685 vim,
754 627 861 690 quis
895 641 970 674 me
1003 626 1257 692 deceperit
1290 643 1445 687 error,

257 707 473 768 ,‚Dicite‚
508 724 599 774 pro
635 708 780 774 culpa
812 724 875 757 ne
910 709 1075 759 scelus
1111 724 1223 758 esse
1256 699 1409 776 putet,

189 790 307 851 „Ut,
346 790 477 855 quod
510 807 604 840 vos
639 793 794 852 scitiS,
827 808 1017 858 poenae
1054 807 1244 857 quoque
1292 794 1472 842 sentiat
1515 796 1715 841 auctor:

255 873 510 934 „Placato
531 890 727 940 possum
762 891 860 923 non
893 877 1040 924 miser
1075 889 1188 923 esse
1223 873 1368 923 deo.“
1644 874 1718 923 -40

187 956 300 1006 Hac
331 971 481 1023 prece
516 956 723 1005 adoravi
757 973 962 1023 superos
999 974 1111 1022 ego,
1146 957 1369 1025 pluribus
1402 973 1544 1018 uxor,

255 1039 490 1104 Singultu
522 1038 711 1088 medios
744 1041 1039 1107 impediente
1076 1057 1240 1090 sonos.

186 1123 284 1171 Illa
319 1125 462 1171 etiam
497 1126 609 1170 ante
643 1122 801 1172 Lares
835 1126 1020 1190 sparsis
1053 1128 1299 1190 prostrata
1322 1122 1518 1189 capillis

255 1203 479 1270 Contigit
514 1207 787 1254 exstinctos
823 1222 910 1255 ore
944 1211 1179 1256 tremente
1213 1206 1374 1267 focOS‚

185 1329 253 1360 hac
283 1336 486 1371 nunquam,
519 1336 592 1360 non
623 1328 786 1369 amplius.
834 1329 917 1362 Vid.

186 1384 219 1424 1,
242 1381 278 1426 4,
302 1383 372 1426 18.,
395 1386 427 1426 Ι,
449 1385 486 1426 8,
508 1384 562 1415 23.
586 1384 639 1415 38.
814 1418 819 1427 ¹

230 1450 284 1482 33.
315 1448 625 1489 Urbs-—Quirini
644 1451 760 1482 Roma
786 1451 916 1492 appel-

184 1505 283 1538 latur
305 1514 328 1537 a
350 1506 505 1538 Romulo
528 1506 604 1537 eius
629 1507 834 1548 conditore,
857 1506 918 1546 qui

184 1563 269 1602 post
290 1563 444 1594 mortem
466 1561 563 1593 inter
586 1562 674 1593 deos
687 1561 827 1593 relatus
850 1569 917 1592 ac-

185 1616 282 1656 cepit
302 1623 433 1649 nomen
457 1613 608 1657 Quirini.
652 1616 751 1648 Fast.
764 1617 813 1658 11,
824 1616 916 1658 476„

184 1671 264 1702 Liv.
287 1673 316 1703 Ι.
341 1680 372 1704 c.
398 1672 466 1712 13„
490 1670 643 1712 Dionys.
667 1672 747 1704 Hal.
760 1674 804 1705 A.
815 1673 859 1704 R.
870 1673 914 1704 11.

183 1741 226 1747 ——-
248 1725 352 1758 Alta.
397 1726 480 1759 Vid.
492 1727 524 1768 1,
547 1728 584 1768 5,
605 1727 674 1769 69.,
696 1727 763 1769 ΠΙ,
785 1726 821 1768 7,
844 1725 915 1768 51.,

183 1779 286 1821 virg.
309 1782 354 1813 A.
377 1782 410 1823 1,
433 1782 465 1814 7.

225 1844 279 1876 34.
310 1843 404 1878 Este
430 1840 612 1882 salutati.
650 1847 755 1881 conf.
786 1848 854 1889 lv,
876 1847 913 1889 8,

181 1898 253 1932 ⁵10
280 1901 377 1932 Mor.
399 1909 531 1933 meum.
579 1901 742 1944 Quinque
764 1902 848 1935 mei.

224 1967 278 1999 35.
311 1966 490 2009 clypeum
500 1977 647 2001 sumere
656 1970 914 2009 postvulnera

179 2023 465 2063 proverbialiter
495 2032 563 2065 pro
593 2033 680 2057 sero
708 2025 912 2059 remedium

179 2084 376 2126 quaerere,
401 2080 536 2112 Graeci
557 2076 650 2122 μετὰ
669 2077 829 2122 πόλεμον
840 2090 912 2123 μη-

178 2129 305 2174 χανάς.
330 2151 374 2156 -
395 2136 471 2167 Pal.
497 2135 527 2167 1.
535 2157 550 2177 ,
585 2136 691 2178 Seg.,
714 2145 771 2177 pr.
794 2138 849 2169 ed.
874 2139 912 2169 et
950 2143 955 2146 ’

176 2189 232 2221 IV
273 2191 377 2222 codd.
419 2180 556 2223 Heinsii
596 2190 751 2233 funera.
813 2195 910 2226 Mor.

178 2243 279 2285 clyp.
303 2252 402 2276 sero.
419 2260 465 2268 »-

221 2322 275 2353 37.
310 2320 542 2364 θοεῑεείἰφιε
562 2323 665 2366 viro,
687 2333 757 2366 pro
781 2332 851 2364 quo
872 2333 908 2356 v.

176 2375 232 2407 40.
256 2378 313 2409 est
335 2377 417 2410 deo.
465 2379 547 2412 Vid.
572 2381 618 2412 ad
640 2383 671 2421 Ι,
697 2380 730 2423 1,
754 2380 808 2412 81.

220 2442 366 2476 Error.
411 2445 494 2478 vid.
520 2447 566 2477 ad
587 2448 619 2489 Ι,
642 2447 678 2489 2,
703 2448 759 2491 99.
782 2463 824 2470 —-
846 2447 908 2480 Fr.

175 2498 266 2530 Rev.
291 2499 506 2541 deceperat.
552 2503 651 2536 Gott.
675 2502 740 2545 qui
761 2511 830 2535 me.

218 2577 272 2610 39.
316 2577 364 2609 Ut
401 2578 502 2620 quod
541 2587 609 2611 vos
649 2577 766 2610 scitis.
812 2579 908 2612 Vide

173 2632 454 2674 discrepantiam
471 2637 637 2666 veterum
659 2635 744 2667 libb.
767 2635 843 2668 Pal.
860 2634 906 2677 1.,

175 2688 311 2731 Guelf.,
335 2690 486 2732 Bersm.,
509 2690 641 2723 Franc.
665 2699 688 2723 a
711 2691 743 2722 2.
760 2699 805 2723 m.
829 2689 906 2730 (qui

173 2751 196 2775 a
219 2744 249 2776 1.
275 2753 319 2777 m.
343 2745 458 2787 utque
480 2754 526 2777 ea
542 2754 609 2777 vos
620 2745 760 2789 scitis),
783 2747 904 2788 Bern.,

171 2800 315 2842 Berol.,
346 2801 449 2842 Rel.‚
481 2801 593 2843 Gall„
631 2804 751 2844 Mon,
782 2803 904 2845 Serv„

167 2857 257 2900 *xm
277 2857 340 2888 alii
370 2857 493 2890 Heius.
524 2858 561 2889 et
589 2857 667 2890 eius
697 2858 752 2890 ed.
783 2867 838 2899 pr.
861 2857 907 2890 ut

986 1330 1086 1372 quod
1106 1338 1173 1362 vos
1204 1327 1322 1361 scitis.
1368 1327 1514 1361 Pirckh.
1549 1329 1588 1361 et
1617 1329 1719 1372 quod

985 1394 1052 1416 vos
1063 1384 1180 1417 scitis.
1223 1385 1301 1416 Pal.
1315 1385 1364 1426 2.,
1385 1384 1502 1426 Leia,
1526 1385 1618 1427 1un.,
1636 1385 1716 1418 Pol.

985 1442 1152 1482 uterque,
1173 1441 1280 1483 neg„
1303 1442 1397 1482 Put.,
1421 1441 1545 1483 Crem,
1559 1441 1655 1473 Busl.
1677 1442 1718 1473 et

984 1495 1054 1527 VH
1090 1496 1152 1527 alii
1186 1496 1306 1527 Heius.
1343 1496 1380 1527 et
1419 1496 1474 1528 ed.
1502 1496 1640 1527 Bonon.
1672 1495 1719 1527 ut

984 1557 1081 1591 quae
1102 1558 1170 1581 vos
1192 1549 1309 1582 scitis.
1353 1551 1444 1584 Edd.
1472 1551 1580 1592 vett.,
1602 1558 1715 1590 prae-

982 1606 1041 1637 ter
1070 1606 1231 1648 Bonon.,
1262 1607 1300 1638 et
1328 1606 1364 1639 V
1394 1604 1517 1638 Heius.
1548 1604 1593 1636 ut
1615 1604 1734 1658 quod,

981 1659 1140 1692 sentitis.
1184 1657 1289 1694 Unus
1306 1660 1429 1693 Heius.
1451 1660 1490 1691 et
1506 1659 1608 1701 quod
1617 1660 1712 1692 sent.

981 1717 1110 1748 Dresd.
1132 1716 1178 1748 ut
1198 1724 1294 1758 quae
1315 1713 1476 1748 sentitis.
1491 1731 1536 1738 -
1550 1716 1606 1748 De
1624 1724 1713 1748 sen-

982 1770 1053 1803 tiat
1077 1772 1172 1804 conf.
1194 1773 1226 1814 1,
1251 1771 1287 1814 1,
1311 1770 1364 1804 14.

1023 1839 1078 1871 40.
1102 1838 1272 1871 Possum.
1295 1835 1408 1882 Μὀιπ,
1429 1839 1536 1871 Bern.
1560 1840 1598 1871 et
1619 1839 1713 1871 vett.

979 1895 1058 1926 edd.
1090 1895 1240 1934 praeter
1268 1894 1407 1926 Bonon.
1428 1892 1597 1936 yos-cim.
1640 1895 1712 1926 Be-

977 1948 1048 1980 rol.
1069 1956 1227 1988 possem.
1272 1950 1351 1982 Pol.
1382 1948 1413 1981 1.
1443 1951 1481 1982 et
1509 1950 1594 1983 Vat.
1626 1949 1656 1983 1.
1677 1949 1714 1981 si

976 2000 1102 2034 miser.
1155 2005 1200 2036 V.
1238 2003 1292 2036 41.
1337 2003 1418 2038 nel.
1449 2012 1615 2044 superos
1644 2004 1712 2036 sed

974 2056 1162 2096 pluribus.

1023 2124 1076 2156 42.
1101 2123 1342 2164 Impediente.
1386 2124 1554 2160 Heinsius
1582 2112 1708 2166 singu-

976 2180 1073 2212 laria
1094 2188 1205 2221 saepe
1227 2178 1412 2221 aucupans
1435 2189 1456 2212 e
1478 2181 1586 2213 Barb.
1611 2180 1710 2212 dedit

974 2235 1262 2277 praepediente,
1301 2236 1455 2268 laudans
1491 2237 1577 2268 Her.
1607 2237 1709 2278 XIV,

978 2291 1046 2334 18„
1069 2292 1129 2324 ubi
1163 2294 1283 2324 tamen
1305 2294 1458 2324 metrum
1481 2300 1612 2324 vocem
1634 2290 1707 2323 im-

974 2346 1081 2387 pedit
1115 2356 1190 2380 non
1224 2338 1380 2380 ferebat.
1431 2346 1627 2388 Impedire
1663 2348 1709 2379 de

976 2404 1102 2435 eadem
1142 2411 1185 2436 re
1221 2404 1309 2436 dixit
1349 2403 1450 2436 Naso
1489 2402 1577 2436 Met.
1606 2404 1706 2444 xm,

974 2458 1049 2491 745.
1073 2461 1110 2492 et
1131 2460 1197 2500 1x,
1222 2459 1298 2490 329.
1323 2475 1365 2480 —-
1389 2459 1490 2491 Rem.
1515 2460 1558 2492 A.

1039 2520 1199 2557 Ruptaque
1239 2522 1374 2558 singultu
1423 2522 1518 2550 verba
1555 2521 1708 2558 loquentis

1365 2569 1462 2594 erant.
1610 2567 1617 2573 ⁶

973 2623 1078 2657 Conf.
1109 2626 1197 2657 Met.
1228 2627 1278 2657 XI
1285 2648 1299 2667 ,
1331 2626 1408 2658 420.
1442 2641 1482 2646 —
1506 2620 1706 2664 Eleganter

972 2681 1091 2711 autem
1114 2684 1225 2720 poeta
1248 2689 1320 2712 non
1343 2681 1451 2712 etiam
1474 2678 1599 2711 uxoris
1615 2686 1704 2719 que-

971 2736 1086 2768 relam
1110 2737 1143 2768 h.
1166 2737 1191 2769 l.
1215 2736 1350 2770 attulit.
1394 2735 1473 2767 Bel.
1496 2733 1586 2775 imp.
1611 2742 1706 2775 pre·
1744 2734 1772 2753 ·“
1818 2743 1822 2750 ·

971 2798 1042 2822 ces.
1521 2821 1527 2828 .

1015 2857 1068 2890 43.
1093 2856 1175 2888 Illa
1198 2856 1321 2889 etiam.
1350 2857 1428 2889 Pal.
1453 2856 1483 2888 1.
1506 2848 1603 2896 ἱρέα.
1637 2855 1704 2888 Ed.
