1846 3146
201 159 301 209 258

443 157 501 207 Ρ.
537 157 760 208 OVIDII
792 156 1109 209 NASONIS
1143 156 1487 235 TRISTIUM

203 280 436 345 Quosque
469 279 608 345 legat
639 295 818 330 versus
853 281 1001 330 oeulo
1035 286 1333 347 properante
1364 284 1546 341 viator,

272 362 553 413 Grandibus
586 365 638 412 in
671 364 840 411 tumuli
872 379 1108 413 marmore
1143 363 1300 413 caede
1332 366 1491 413 notis:

203 447 305 497 ch
339 463 437 496 Eeo
473 464 558 503 om
591 462 758 509 meno,
795 463 1101 496 'sumnonem
1134 463 1297 496 huson
1330 462 1565 508 amolum,

269 531 485 580 INeEmo
521 547 656 580 ΡΕΒΠ
687 545 819 581 NASO
854 545 1015 579 POETA
1048 544 1167 579 MEO.

203 689 284 714 rum
308 682 527 714 cadaverum
559 682 710 715 collecti
733 681 935 714 misceban-

204 740 265 770 tur
301 738 495 778 odoribuS,
530 738 634 769 velut
656 739 810 779 pulvere
833 728 937 770 amoss

159 817 161 819 .
203 793 265 834 mi,
288 793 436 825 floribus
458 791 628 833 foliisque
654 794 828 826 odoratis.
872 794 936 826 '1¹1-

203 847 294 897 bulli
315 848 452 889 locum,
476 857 546 888 quo
570 849 661 880 haec
686 856 747 880 res
770 849 936 881 illustra—

204 906 278 945 tur,
301 911 493 944 apponam.
538 905 605 946 111,
630 904 666 945 2,
691 903 743 935 17.

268 978 344 1006 Pars
368 985 446 1014 quae
469 978 536 1006 sola
560 978 619 1006 mei
645 979 802 1013 superabit
827 986 936 1015 corpo-

600 1028 656 1056 ris,
676 1028 745 1049 ossa

319 1066 475 1095 Incinctae
494 1066 602 1100 (mater
619 1074 681 1093 cum
700 1066 830 1099 Neaera)
848 1065 937 1099 nigra

424 1104 433 1115 ’
583 1110 712 1138 candida
721 1114 809 1139 veste
822 1111 936 1146 legant3

270 1157 310 1185 Et
334 1157 463 1192 primum
489 1161 605 1183 annoso
637 1157 782 1190 spargant
807 1155 937 1182 collecta

601 1199 713 1235 Lyaeo,

319 1245 391 1273 Nox
409 1244 500 1273 etiam
522 1245 613 1273 niveo
637 1243 765 1272 fundere
782 1244 863 1272 lacte
880 1251 936 1279 pa-

603 1291 688 1323 rent3

268 1335 344 1363 Post
363 1334 441 1362 haec
467 1333 622 1361 carbaseis
644 1333 800 1361 humorem
826 1334 937 1361 tollere

603 1378 692 1413 velis,

317 1422 417 1459 Atque
446 1422 478 1450 in
511 1429 679 1450 marmorea
711 1429 825 1457 ponere
854 1423 936 1451 sicca

603 1466 701 1494 domo.

268 1510 356 1545 Illuc,
381 1518 456 1546 quas
473 1508 568 1539 inittit
584 1511 670 1540 dives
687 1512 838 1540 Panchaia
857 1519 938 1540 mer—
974 1522 980 1525 ’

601 1563 653 1583 ces

317 1599 435 1635 Eoique
453 1599 587 1634 Arabes,
611 1576 732 1636 pin’guis
752 1603 783 1628 et
800 1600 938 1636 Assyria,

268 1644 309 1672 Et
325 1645 422 1673 nostri
442 1652 590 1673 memores
615 1645 758 1673 lacrimae
776 1644 939 1672 fundantur

601 1690 718 1724 eodem,
737 1693 795 1717 etc.

203 1759 309 1793 Conf.
331 1760 407 1793 Tib.
430 1761 462 1802 Ι,
486 1760 521 1801 3,
546 1759 593 1801 7.,
614 1760 723 1799 Prop.
740 1760 772 1801 I,
790 1759 846 1801 17,
865 1759 936 1802 22.,

202 1816 309 1857 Virg.
331 1817 422 1848 Aen.
445 1816 513 1857 Vl,
535 1815 633 1856 212.,
662 1816 767 1848 Pont.
802 1817 840 1857 1,
879 1815 936 1858 19,

202 1870 280 1912 51.,
302 1871 462 1903 Kirchm.
486 1871 530 1902 de
551 1872 642 1902 Fun.
667 1872 709 1903 R.
736 1881 770 1911 p.
793 1871 870 1903 226.
892 1886 937 1894 -·

202 1926 258 1958 De
282 1934 428 1957 amomo
450 1926 540 1958 Plin.
568 1928 611 1958 N.
643 1928 686 1958 Η.
709 1929 787 1959 XII.
812 1935 842 1958 c.
867 1927 935 1969 13.,

202 1982 299 2014 xvl.
323 1990 355 2013 c.
379 1982 448 2023 22.,
461 1982 570 2014 Salui.
595 1983 763 2014 exercitt.
786 1983 876 2014 Plin.
900 1993 934 2024 p.

199 2036 295 2078 284„
317 2036 486 2069 Dioscor.
509 2038 536 2069 I.
561 2045 592 2069 c.
617 2037 670 2069 14.

245 2114 301 2146 70.
335 2114 467 2156 Inque.
513 2116 612 2148 Unus
639 2115 761 2148 Heius.
786 2117 824 2147 et
845 2116 934 2147 vett.

202 2171 282 2202 edd.
317 2171 451 2212 atque,
487 2178 508 2202 e
541 2178 653 2204 versu
694 2170 936 2212 praecedenti.

202 2227 360 2259 Eaedem
383 2228 473 2259 vett.
496 2226 576 2258 edd.
602 2226 725 2267 crede,
753 2227 849 2266 quod
870 2234 935 2258 re-

203 2279 402 2315 centiorem
436 2282 671 2315 Latinitatem
705 2282 860 2314 redolet.
890 2297 935 2306 —-

202 2337 294 2368 Solo
325 2336 403 2368 Pal.
438 2336 474 2369 1.’
504 2339 541 2369 et
563 2338 618 2379 2.,
654 2337 797 2380 Guelf„
829 2338 936 2380 Beg.,

203 2394 323 2435 Gall„
356 2393 483 2435 Serv„
512 2392 630 2433 Leid.,
664 2393 757 2434 1un.,
787 2393 935 2433 Franc„

202 2450 272 2482 XV
294 2448 357 2480 alii
378 2448 500 2480 Heius.
531 2450 570 2479 et
592 2447 752 2479 eiusdem
780 2450 838 2480 ed.
861 2456 933 2490 pin,

202 2505 310 2537 Bern.
332 2507 371 2537 et
392 2504 511 2536 nostri
532 2504 584 2545 V,
605 2504 675 2535 nisi
699 2504 792 2544 quod
808 2504 892 2544 Seg.
915 2509 939 2534 a

203 2559 235 2592 1.
260 2569 304 2592 m.
328 2560 424 2592 loco.
476 2559 621 2601 Reliqui
651 2559 755 2592 codd.
787 2560 825 2590 et
847 2559 936 2590 vett.

201 2617 284 2648 edd.
308 2617 404 2647 loco.

247 2681 486 2725 Subur-bano,
509 2683 674 2723 proxime
685 2682 830 2716 Urbem.
866 2683 936 2715 Se-

201 2738 333 2779 pulcra
355 2741 474 2770 autem
496 2739 742 2771 Romanorum
765 2741 935 2770 exstrue-

203 2794 337 2837 ᾕρηται·
359 2794 405 2825 ad
427 2794 508 2825 vias
533 2794 711 2835 publicas,
738 2793 935 2834 praecipue

203 2849 438 2892 Flaminiam,
468 2849 670 2891 Aureliam,
700 2848 866 2881 Latinam
897 2850 934 2880 et

1003 681 1169 722 Appiam.
1214 681 1309 713 Inde,
1325 680 1359 712 h.
1382 679 1408 712 l.
1430 687 1524 728 quot·
1538 679 1641 722 leuat
1652 680 1736 714 υἱα-

1003 736 1068 768 tor
1091 739 1128 768 et
1156 746 1192 768 v.
1222 737 1276 768 75.
1306 734 1370 776 qm·
1399 733 1562 776 transis,
1596 744 1640 768 ac
1664 738 1737 769 tam

1002 793 1176 833 frequens
1205 791 1243 824 in
1272 791 1569 831 inscriptionibus
1600 792 1735 825 mentio
1803 793 1814 804 ²

1003 847 1199 888 viatorum,
1222 848 1263 879 ut
1278 846 1342 878 sta
1359 844 1501 887 viator,
1514 846 1562 878 al.
1575 846 1734 880 Kirchm.

1003 903 1048 934 de
1079 903 1170 934 Fun.
1197 901 1241 932 R.
1272 903 1318 933 Π.
1350 909 1380 933 c.
1413 902 1465 933 13.
1495 901 1550 932 22.
1579 904 1616 934 et
1655 902 1737 934 aliis

1002 957 1113 999 locis,
1136 957 1236 990 suet.
1260 956 1376 998 calig.
1391 965 1423 989 c.
1440 944 1495 988 ⁵9.
1538 956 1647 997 Prop.
1669 958 1738 999 Ν,

1003 1014 1039 1055 7,
1063 1012 1117 1045 83.
1524 1025 1529 1035 1

1068 1087 1134 1116 Hoc
1149 1066 1278 1115 ¹cai-men
1303 1084 1404 1114 media
1425 1086 1548 1122 dignum
1571 1069 1619 1116 me
1637 1065 1738 1116 scribe

1401 1132 1552 1165 columna,

1119 1175 1181 1204 Sed
1196 1176 1302 1210 breve,
1319 1176 1401 1212 quod
1421 1182 1548 1204 currens
1569 1178 1677 1204 vector
1699 1176 1737 1204 ab

1402 1221 1495 1257 legat.

1004 1289 1102 1322 Gall.
1126 1297 1297 1331 corpora
1308 1298 1418 1331 pone.
1461 1288 1510 1324 V.
1533 1291 1590 1324 71.
1605 1290 1736 1324 Dresd.

1004 1346 1112 1386 leyet.
1175 1352 1179 1354 ·

1048 1425 1100 1456 72.
1138 1424 1357 1458 Grandibus
1373 1441 1419 1463 -,-
1436 1422 1548 1456 notis.
1609 1421 1744 1455 Notae„

1003 1483 1088 1513 sunt
1109 1481 1265 1523 literae,
1298 1488 1412 1521 genus
1442 1488 1512 1521 pro
1534 1479 1673 1521 specie,
1695 1480 1738 1512 ut

1003 1535 1139 1566 notare
1168 1544 1237 1576 pro
1266 1535 1435 1567 scribere
1467 1536 1608 1568 dicitur.
1652 1534 1736 1567 Vid.

1003 1591 1088 1623 Her.
1121 1592 1153 1632 Ι,
1186 1591 1241 1623 62.
1309 1589 1526 1623 Grandibus
1554 1591 1595 1622 nt
1622 1589 1737 1631 longe

1003 1645 1234 1688 conspicuis,
1274 1646 1327 1678 uti
1359 1653 1383 1678 a
1417 1642 1737 1686 praetereuntibus

1002 1702 1079 1744 legi
1101 1704 1211 1736 facile
1234 1705 1394 1745 possent.
1439 1702 1515 1736 Cic.
1538 1701 1648 1734 Vel-r.
1670 1701 1736 1732 1v.

1004 1766 1035 1790 c.
1065 1759 1119 1791 34.
1174 1758 1279 1791 Haec
1306 1758 1460 1796 (Diana)
1493 1754 1582 1787 erat
1607 1752 1737 1795 posita

1002 1814 1191 1856 seyestae,
1212 1822 1304 1846 sane
1327 1812 1479 1845 excelsa
1500 1810 1541 1844 in
1563 1808 1643 1843 basi
1650 1820 1664 1841 .·
1696 1807 1738 1840 iu

1003 1878 1078 1912 qua
1098 1870 1308 1912 yrandibus
1331 1867 1457 1902 literis
1491 1865 1535 1899 P.
1558 1856 1739 1908 Africani

1002 1934 1135 1957 nomen
1161 1927 1248 1958 erat
1270 1923 1440 1957 incisum.

1047 1993 1174 2024 Hamb.
1199 1994 1236 2024 et
1259 1993 1365 2025 Serv.
1387 1989 1428 2022 in
1458 1987 1572 2021 tituli.

1002 2047 1102 2079 Fast.
1124 2049 1190 2089 111,
1213 2047 1289 2078 545.

1070 2120 1323 2155 Compositusque
1341 2117 1418 2146 einis
1435 2116 1602 2152 tumulique
1617 2115 1737 2142 inmar-

1400 2168 1484 2189 more
1503 2166 1626 2188 carmen

1119 2208 1185 2236 Hoc
1201 2208 1306 2241 breve,
1324 2205 1405 2242 quod
1427 2204 1561 2234 moriens
1579 2205 1646 2240 ipsa
1662 2203 1739 2232 reii-

1401 2250 1478 2287 quit,
1496 2251 1575 2278 erat.

1625 1987 1737 2020 Male.

1002 2313 1149 2357 Metam.
1172 2311 1275 2353 XIV,
1298 2309 1375 2342 441.

1047 2419 1051 2423 ,
1067 2385 1152 2406 -’-
1168 2400 1202 2406 -
1217 2391 1404 2418 -λιιτῃεῳιε
1421 2383 1538 2411 Aeneia
1555 2381 1658 2410 nutrix

1068 2430 1197 2459 Condita
1222 2424 1394 2458 marmoreo
1417 2429 1531 2456 tumulo
1556 2429 1650 2456 breve
1669 2430 1737 2453 car-

1400 2481 1469 2501 men
1489 2473 1631 2501 hahebat.

1002 2547 1055 2579 m
1076 2546 1199 2578 Heius.
1228 2542 1362 2577 scribe.
1445 2542 1525 2576 Bel.
1563 2549 1587 2574 a
1624 2539 1655 2572 1'.
1692 2547 1739 2572 mo

1002 2601 1184 2643 maryz'ne.

1047 2679 1102 2711 73.
1137 2677 1210 2710 Hic
1234 2685 1312 2719 eqo.
1347 2677 1464 2710 xNaso
1485 2673 1555 2706 sibi
1575 2673 1654 2714 ipse
1678 2672 1737 2705 in-
1782 2707 1810 2725 .-

1001 2734 1237 2774 scriptionem
1259 2731 1423 2774 sepulcri
1454 2729 1568 2771 facit,
1599 2728 1636 2760 in
1668 2736 1739 2768 quo

1000 2797 1137 2831 genere
1160 2789 1220 2821 hic
1242 2789 1354 2830 poeta
1365 2785 1526 2819 excellit.
1554 2783 1736 2816 Viddler.

1001 2847 1050 2887 11,
1074 2845 1164 2885 146„
1196 2845 1247 2886 V,
1276 2844 1346 2884 29„
1375 2843 1460 2884 vn,
1495 2839 1586 2892 ΠΨ,
1632 2839 1736 2879 xlv,
