1846 3146
187 170 287 221 480

419 169 477 219 Ρ.
514 169 737 221 OVIDII
768 170 1085 224 NASONIS
1120 172 1464 226 TRISTIUM

189 292 342 354 Quam
374 291 524 341 multa
556 291 781 342 madidae
815 294 1038 344 celantur
1070 295 1307 347 arundine
1334 298 1522 359 fossae,

254 374 464 424 Florida
499 392 638 441 quam
670 375 846 425 multas
879 378 1051 444 Hybla
1082 384 1245 428 tuetur
1279 394 1415 446 apes,

191 459 344 520 Quam
378 458 557 507 multae
591 459 770 523 gracili
802 464 997 510 terrena
1028 462 1118 512 sub
1152 462 1330 512 horrea
1360 463 1495 512 ferre
1657 525 1659 527 Ι

257 543 436 592 Limite
469 541 703 590 formicae
737 558 891 607 grana
924 550 1120 611 reperta
1154 545 1342 607 solent3
1652 546 1719 596 40

191 625 315 675 Tam
346 640 422 674 me
457 627 735 674 circumstat
769 625 1027 676 densorum
1060 628 1201 678 turba
1234 628 1479 678 malorum.

259 707 426 760 Crede
459 709 588 770 mihi,
624 724 748 759 vero
782 714 860 759 est
891 715 1059 759 nostra
1093 711 1294 776 querela
1326 714 1494 762 minor.

181 852 377 897 mniumque
409 853 522 887 oblite
552 854 715 888 tuorum.
773 856 922 889 Hunvs.

193 911 368 944 similiter
391 911 522 944 dicitur
543 909 621 943 iam
645 910 811 954 iamque,
835 913 923 944 lon-

191 973 238 1007 9⁸
261 966 450 1008 lonyeque,
484 965 548 999 diu
570 966 717 1008 diuque,
747 966 859 999 etiam
883 976 924 999 e-

191 1020 374 1064 tiamque,
413 1029 562 1063 semper
597 1029 832 1064 semperque,
875 1023 923 1055 al.

191 1076 328 1110 Ennius
361 1078 457 1118 apud
487 1077 562 1111 Cic.
592 1078 637 1109 de
667 1078 812 1110 Senect.
836 1086 867 1110 c.
890 1078 924 1111 4.

193 1131 315 1174 mayis
350 1128 552 1174 magisque.
620 1132 722 1166 Ovid.
752 1133 838 1165 Her.
866 1135 924 1176 ΙΙ,

192 1186 268 1219 129.
290 1186 414 1219 minus
437 1188 475 1220 et
494 1187 626 1219 minus.
671 1188 775 1229 Virg.
794 1190 836 1221 A.
854 1189 925 1230 ΙΙΙ,

191 1242 269 1276 456.
287 1242 425 1275 iterum
439 1239 659 1284 iterumque.
686 1243 804 1277 Etiam
821 1245 925 1277 adie-

193 1298 293 1331 ctiva
314 1298 368 1331 sic
383 1296 610 1340 repetuntur.
632 1299 763 1332 Tibull.
778 1301 811 1342 1,
821 1300 858 1342 7,
870 1299 924 1333 64.

258 1370 423 1401 Candidior
439 1358 559 1409 semper
576 1374 794 1411 candidiorque
810 1374 891 1404 veni.

190 1438 376 1483 Quaedam
398 1442 507 1474 etiam
520 1442 598 1475 sine
613 1442 761 1485 copula,
783 1444 824 1476 ut
845 1442 924 1475 iam

188 1496 268 1529 iam
289 1498 397 1531 Trist.
411 1498 443 1539 Ι,
456 1498 526 1540 22.,
540 1498 662 1540 mayis
677 1496 798 1539 maqis
819 1498 923 1540 Vir-g.

192 1553 328 1594 Georg.
349 1554 418 1596 IV,
435 1553 512 1586 311.
556 1554 656 1587 Leid.
676 1562 843 1594 parvum
859 1554 922 1586 ni-

189 1607 385 1650 miumque.
429 1609 508 1641 Put.
531 1609 718 1641 dolorum.
771 1611 924 1653 Ber-sm,

191 1665 304 1708 Reg.,
339 1667 440 1707 Iun.‚
470 1665 507 1698 V
534 1664 599 1697 alii
620 1665 770 1708 Heins.,
798 1666 923 1708 Goth„

191 1720 312 1752 Guelf.
341 1721 408 1752 sub
431 1728 504 1752 ras.
513 1741 528 1762 ,
559 1721 666 1763 sega,
698 1720 822 1764 Crem,
851 1723 923 1754 Be-

190 1775 263 1808 rol.
285 1776 497 1816 malorum;
530 1784 605 1808 non
634 1777 746 1820 male,
767 1778 833 1810 sed
854 1779 923 1811 flu-

191 1831 290 1863 xisse
311 1831 457 1865 videtur
479 1839 500 1863 e
522 1841 558 1864 v.
580 1831 634 1865 41.

239 1919 294 1951 36.
329 1918 429 1961 Isto,
461 1921 562 1962 quod
584 1920 766 1964 quereris.
810 1921 924 1964 Busl.,

193 1973 252 2007 111
282 1975 347 2008 alii
372 1975 493 2008 Heius.
523 1979 560 2009 et
591 1977 748 2010 eiusdem
772 1977 827 2008 ed.
850 1985 924 2018 pn,

193 2031 317 2073 Rern„
340 2032 461 2064 Berol.
485 2033 522 2063 et
550 2032 630 2064 Bel.
659 2031 759 2072 quod
786 2039 923 2072 quere-

193 2084 262 2119 ris,
296 2087 423 2119 Hamb.
444 2088 482 2119 et
499 2086 601 2119 Leid.
625 2085 726 2128 quod
739 2084 877 2127 queris,
892 2094 924 2126 q.

194 2149 227 2174 e.
250 2140 435 2184 quereri-⁹.
481 2141 587 2174 Goth.
610 2149 684 2182 quo
714 2139 860 2182 queris,
891 2148 924 2180 q.

194 2205 226 2230 e.
249 2197 432 2239 quereris.
477 2196 555 2229 Pol.
571 2196 600 2228 1.
617 2203 690 2237 quo
705 2195 818 2236 reris,
831 2195 925 2236 quod

193 2256 335 2287 rectum
346 2253 508 2285 iudicans
521 2251 661 2292 recepit
669 2250 849 2292 Heinsius,
859 2250 925 2281 sed

194 2317 311 2350 prope
333 2308 565 2341 intoleranda
587 2306 759 2339 attractio
783 2307 850 2338 est.
885 2307 924 2337 1-

194 2355 303 2405 tailue
333 2365 397 2396 aut
425 2372 505 2396 cum
537 2363 648 2402 Iahno
689 2361 788 2403 quod
823 2359 925 2393 reris

193 2420 439 2461 scribendum,
469 2425 562 2460 quae
584 2416 766 2457 scriptura
788 2418 924 2459 tamen,

196 2477 237 2506 ut
266 2482 287 2506 e
317 2473 456 2506 duabus
486 2473 725 2506 varietatibus
753 2474 925 2514 conflata,

194 2527 305 2561 valde
327 2528 470 2561 incerta
492 2530 563 2572 est,
587 2530 650 2561 aut
666 2535 738 2571 quo
759 2529 817 2566 [ut
833 2529 926 2561 reli-

194 2583 254 2625 qui
276 2584 406 2625 scripti
429 2586 467 2617 et
489 2585 579 2616 vett.
602 2584 682 2615 edd.
697 2585 839 2623 omnes]
865 2584 926 2617 vel

196 2639 296 2680 quod
313 2637 495 2681 quereris,
508 2648 561 2672 sc.
577 2646 658 2671 esse
675 2647 801 2671 meum.
827 2638 925 2678 Que-

195 2703 268 2727 ror
299 2703 378 2726 cum
408 2702 530 2727 accus.
560 2694 632 2727 vid.
662 2695 729 2736 IV,
752 2696 788 2736 9,
811 2695 864 2726 20.
888 2695 926 2726 et

197 2750 283 2782 Her.
306 2751 394 2791 XX,
422 2749 477 2782 24.
505 2751 542 2782 et
571 2750 754 2783 Drakenb.
778 2752 823 2782 ad
845 2750 925 2784 Liv.

142 2815 151 2837 x
195 2805 323 2837 XXIX.
347 2812 378 2836 c.
402 2803 457 2836 19.
502 2805 587 2838 Vat.
610 2805 657 2848 1.,
679 2804 757 2838 Pol.
781 2804 826 2847 1.,
849 2804 924 2838 Pal.

196 2860 228 2893 2.
252 2862 289 2893 et
311 2859 404 2893 alius
425 2858 505 2893 illo.

1034 856 1089 889 37.
1123 853 1243 895 Quam
1263 854 1395 888 multa.
1443 855 1527 889 Vid.
1550 857 1597 890 ad
1626 857 1658 901 1,
1681 858 1720 900 5,

989 913 1043 946 4⁷.
1087 911 1270 954 Heinsius,
1287 912 1381 952 quod
1393 910 1660 953 Zinzerlingius
1682 911 1719 944 in

990 969 1190 1001 Erfurtana
1207 975 1289 1000 sese
1306 966 1490 1007 reperisse
1502 967 1630 1000 scribit
1642 967 1721 1005 (cui

990 1023 1132 1055 accedit
1145 1023 1348 1065 Gothanus,
1358 1021 1429 1054 nisi
1447 1021 1539 1054 idem
1559 1026 1616 1055 est
1638 1031 1720 1055 cum

990 1079 1230 1121 Erfurtano),
1265 1078 1417 1119 primum
1450 1078 1590 1119 recepit
1619 1079 1719 1111 cele-

992 1132 1168 1175 brantur,
1181 1141 1213 1175 q.
1227 1141 1258 1165 e.
1273 1133 1455 1175 celebres,
1472 1133 1604 1174 plenae
1619 1135 1720 1177 sunt,

990 1190 1030 1221 ut
1052 1190 1177 1222 Amor.
1200 1189 1267 1230 111,
1289 1190 1326 1230 5,
1343 1188 1375 1220 3.
1394 1188 1660 1226 celeberrimus
1681 1189 1718 1222 i-

990 1242 1063 1276 lice
1085 1244 1203 1276 lucus.
1248 1242 1353 1277 Conf.
1375 1246 1466 1277 Met.
1486 1245 1555 1286 IV,
1573 1244 1642 1287 46„
1657 1243 1720 1276 ubi

989 1298 1062 1331 vid.
1083 1299 1240 1340 interpp.
1295 1299 1439 1340 Reliqui
1470 1301 1574 1332 codd.
1595 1296 1720 1332 omnes

989 1354 1192 1396 celantur,—
1202 1354 1272 1387 nisi
1294 1356 1389 1396 quod
1419 1363 1498 1388 exc.
1519 1355 1627 1389 Voss.
1650 1363 1718 1388 ve-

988 1408 1125 1441 lantur
1152 1417 1200 1442 ex
1227 1410 1355 1452 glossa
1381 1410 1464 1443 sive
1494 1410 1719 1452 interpreta-

990 1463 1089 1496 tione
1097 1475 1109 1506 ;
1134 1466 1244 1508 quod,
1269 1466 1505 1499 confirmante
1529 1467 1636 1500 etiam
1658 1467 1719 1499 vi-

989 1519 1083 1552 tiosa
1105 1520 1290 1561 scriptura
1311 1522 1401 1554 vett.
1424 1521 1632 1564 editionum,
1654 1529 1719 1554 ce-

989 1575 1130 1616 lentur,
1151 1578 1292 1608 mutare
1313 1584 1388 1609 non
1410 1577 1542 1619 audeo,
1564 1578 1605 1610 ut
1623 1579 1719 1618 quod

988 1630 1211 1672 aptissimum
1233 1632 1342 1665 habet
1361 1640 1524 1673 sensum;
1547 1634 1604 1664 est
1625 1632 1719 1665 enlm

989 1685 1179 1728 teyuntnr,
1202 1687 1450 1727 occupantur.
1470 1703 1512 1710 —
1525 1686 1719 1730 madidae,

987 1742 1210 1782 stagnantes.
1239 1758 1285 1765 —
1324 1736 1403 1775 Pal.
1427 1742 1458 1774 1.
1486 1744 1525 1775 et
1557 1744 1625 1776 XX
1656 1744 1719 1777 alii

988 1796 1109 1829 Heius.
1146 1797 1291 1830 multae
1322 1797 1490 1832 madida.
1571 1799 1720 1840 Multae

989 1852 1097 1910 etiam
1120 1853 1242 1887 Guelf.

1033 1932 1088 1964 38.
1121 1930 1258 1971 Hybla,
1280 1937 1382 1974 mons
1404 1929 1568 1973 Siciliae,
1591 1931 1720 1973 thymo

989 1987 1175 2019 abundans
1188 1989 1294 2028 atque
1307 1987 1354 2020 ob
1367 1986 1403 2018 id
1421 1986 1548 2027 apibus
1569 1993 1722 2018 accom-

990 2041 1262 2074 modatissimus.
1305 2042 1357 2083 V,
1369 2041 1427 2083 1³,
1447 2042 1518 2083 22„
1530 2042 1574 2074 A.
1586 2043 1629 2074 A.
1647 2042 1718 2083 ΙΙΙ,

991 2096 1083 2138 150.,
1105 2098 1210 2129 Pont.
1234 2097 1303 2138 IV,
1327 2096 1385 2138 15,
1409 2095 1477 2138 10.,
1505 2095 1610 2138 Vir-g.
1638 2097 1719 2130 Ecl.

990 2150 1063 2182 VII
1070 2171 1085 2192 ,
1118 2151 1193 2193 37„
1221 2152 1343 2184 strab.
1362 2152 1428 2185 VI.
1457 2159 1492 2192 p.
1514 2150 1606 2195 18³„
1626 2153 1717 2187 Plin.

990 2206 1034 2238 N.
1058 2206 1100 2238 Η.
1123 2207 1184 2238 XI.
1209 2215 1240 2240 c.
1263 2207 1317 2239 15.

1035 2284 1088 2316 39.
1121 2281 1283 2326 Gracili,
1298 2283 1411 2327 tenui,
1422 2285 1589 2327 angusto.
1610 2284 1716 2326 Virg.

990 2341 1033 2374 A.
1054 2339 1124 2381 Ν,
1146 2340 1222 2372 405.
1252 2355 1297 2363 —-
1326 2340 1460 2382 ceorg.
1483 2342 1516 2382 1,
1541 2332 1616 2374 38'0.
1640 2347 1715 2371 an-

988 2395 1136 2437 gustum
1155 2393 1322 2436 formica
1345 2395 1470 2427 terens
1495 2394 1584 2426 iter.
1623 2395 1717 2427 Plin.

990 2452 1034 2484 N.
1066 2451 1108 2483 Η.
1140 2451 1200 2483 XI.
1236 2457 1267 2482 c.
1295 2450 1350 2482 30.
1410 2448 1550 2482 Silices
1581 2449 1718 2497 itiitere

991 2504 1274 2547 (formicarum)
1307 2504 1464 2538 attritos
1491 2504 1658 2538 videmus
1681 2502 1721 2535 et

992 2558 1032 2592 in
1055 2567 1169 2600 opere
1191 2558 1360 2592 semitam
1378 2559 1542 2602 factam,
1566 2566 1613 2591 ne
1634 2555 1718 2599 quis

991 2614 1134 2648 dubitet
1155 2614 1321 2657 qualibet
1341 2614 1382 2647 in
1403 2624 1448 2648 re
1481 2614 1570 2658 quid
1595 2611 1717 2654 possit

991 2671 1322 2713 quantulacunque
1346 2670 1562 2704 assiduitas.

1036 2749 1090 2781 41.
1119 2747 1360 2781 circumstat.
1403 2749 1717 2790 Reg.,Put.,1un.‚

990 2804 1140 2845 Bersm,
1162 2805 1214 2836 XI
1236 2804 1299 2836 alii
1321 2803 1442 2836 Heins.
1464 2804 1502 2835 et
1512 2803 1618 2834 Rern.
1636 2801 1717 2833 cir-

990 2858 1189 2891 cumstant.
1212 2857 1287 2891 Pal.
1307 2857 1339 2891 2.
1358 2856 1606 2909 circumdant.
1629 2858 1716 2891 Vat.

1813 2646 1826 2661 ο

1832 2522 1846 2620 ,ars-nm-
1844 2439 1846 2470 h.
1844 2404 1846 2406 .
