1846 3146
570 209 582 219 ·
610 198 739 249 LIB.
773 195 862 246 m.
914 193 1114 244 ELEG.
1145 194 1184 243 1.

1555 193 1653 242 23⁷

142 308 305 384 {2Num
338 325 449 389 quia
479 325 740 389 perpetuos
771 318 944 369 meruit
976 316 1144 366 domus
1178 317 1270 363 ista
1302 313 1589 381 triumph0s3

202 405 325 467 ”An
358 407 470 472 quia
502 392 757 454 Leuca'dio
786 415 977 467 semper
1008 403 1164 448 amata
1196 397 1291 447 deo
1324 394 1439 447 est?
1507 398 1511 403 '

140 572 179 603 et
206 571 327 604 Berol.
357 571 476 615 fores.
531 569 752 604 confirmant
785 575 863 600 eam

140 628 359 668 scripturam
380 626 545 669 Pii-cliii„
578 627 616 657 et
637 625 729 657 alius
750 624 864 656 Hein-

139 681 185 714 sii
209 689 288 714 cum
310 682 365 714 ed.
393 682 553 722 Bonum,
586 678 645 721 qui
666 679 804 720 domos,
827 680 865 711 et

65 766 70 770 .
138 737 232 769 alius
260 736 424 779 licinii,
458 736 518 778 qui
545 734 689 768 exhibet
720 733 863 766 domus.

139 808 184 815 —
203 792 345 834 Reliqui
366 791 510 834 Heius„
554 789 672 824 Guelf.
681 810 696 830 ,
741 788 866 830 Goth„

141 847 271 887 Dresd.
281 868 298 890 ,
340 847 446 879 Ber-n.
457 867 473 888 ,
505 844 585 877 Bel.
614 845 652 876 et
673 846 761 876 vett.
784 844 863 875 edd.

141 907 287 940 cuman
318 907 411 942 quae
434 899 617 940 scriptura
642 907 751 943 sensu
781 899 865 932 mihi

140 963 270 989 carere
293 955 445 988 videtur.
499 953 702 988 Merkelius
725 954 864 996 quidem

140 1018 219 1043 eam
240 1017 366 1051 nuper·
384 1007 591 1050 revocavit,
621 1009 659 1040 et
685 1008 864 1049 augustas

139 1071 268 1097 comas
300 1064 487 1097 contendit
507 1063 761 1104 intelligendas
782 1069 864 1095 esse

137 1127 319 1152 coronam
340 1117 498 1151 civicam
520 1125 569 1150 em
591 1116 744 1159 quernis
765 1116 863 1155 (Iovi

135 1175 292 1208 sacratis
320 1176 429 1216 atque
458 1173 541 1207 inde
574 1173 607 1205 h.
627 1172 654 1205 1.
676 1171 862 1214 augustis)

131 1227 260 1272 foliis,
291 1237 397 1271 quam
425 1227 626 1261 orationem
660 1228 863 1260 obstrusam

136 1287 245 1326 atque
256 1283 478 1325 „affectatam
510 1283 588 1324 quis
616 1284 712 1323 apud
740 1283 862 1315 Naso·

137 1331 419 1379 nemptonum?
441 1339 479 1369 et
499 1340 706 1377 repugnant
727 1338 782 1370 illi
803 1339 861 1370 in-

136 1392 391 1434 terpretationi
428 1400 474 1424 ea
512 1399 604 1433 quae
648 1394 861 1435 sequuntur,

134 1447 174 1480 in
217 1447 345 1489 quibus
388 1445 477 1479 nihil
510 1447 611 1480 aliud
638 1447 861 1490 declaratur,

136 1509 241 1544 quam
281 1509 347 1535 cur
364 1501 502 1546 *laurus
529 1502 648 1535 domui
674 1503 861 1543 Augustae

135 1555 303 1597 apposita
322 1556 381 1589 sit.
425 1557 618 1599 scriptura
635 1556 743 1599 fores
758 1558 860 1587 recte

134 1602 271 1645 habere
290 1613 375 1645 mihi
396 1613 561 1655 videtur,
593 1614 631 1644 et
659 1619 751 1644 vero
772 1611 860 1643 sim-

79 1688 90 1693 »
135 1661 337 1710 plicissima'
360 1676 406 1701 ac
437 1667 647 1710 planissima
676 1669 747 1699 est:
778 1674 860 1698 nam

131 1723 219 1757 loco
233 1723 285 1757 lta
296 1715 492 1756 constituto
513 1724 737 1763 pentameter
749 1729 860 1762 repe-

138 1778 183 1811 tit
204 1780 242 1811 et
263 1778 412 1820 exponit
433 1778 696 1820 hexametrum,
714 1786 759 1810 ac
770 1785 859 1810 ver-

135 1832 218 1865 bum
247 1831 366 1874 cinqit
395 1834 592 1874 respondet
621 1833 676 1864 illi
697 1833 860 1873 velatur,

133 1886 326 1929 Augustas
343 1887 451 1930 fores
464 1887 613 1928 exponit
627 1888 776 1919 verbum
797 1887 859 1919 ia-

132 1950 212 1975 nua
243 1944 344 1981 (narn
373 1942 561 1984 Augustas
591 1944 647 1975 est
679 1951 749 1983 pro
778 1942 859 1976 Au-

129 1997 243 2040 gusti,
265 2001 306 2030 ut
327 1999 415 2031 Met.
438 1999 471 2041 1,
494 1999 568 2031 563.
589 1997 759 2038 postibus
774 1998 857 2031 Διι-

128 2051 250 2094 φιεείε
273 2053 372 2092 (vid.
394 2054 441 2086 ad
462 2055 530 2096 111,
553 2054 590 2096 8,
614 2053 698 2094 130,
726 2056 763 2086 et
784 2061 855 2085 ar-

131 2107 202 2140 bor
232 2115 355 2148 opaca
380 2108 577 2148 respondet
613 2109 698 2141 voci
729 2101 854 2142 lituro.

134 2161 266 2203 Opaca
286 2171 353 2196 cur
376 2162 517 2194 dicatur
539 2162 680 2206 laurus,
703 2172 777 2198 non
799 2168 856 2198 est

132 2217 226 2256 quod
258 2219 470 2258 exponatur.
503 2233 548 2240 —-
579 2220 633 2251 111
664 2220 783 2253 Heius.
817 2223 855 2254 et

133 2269 290 2303 eiusdem
311 2272 367 2304 ed.
389 2282 445 2314 pr.
463 2280 608 2314 querna
629 2282 772 2308 corona
790 2277 854 2319 fo-

129 2332 208 2365 res,
219 2332 240 2356 e
251 2325 350 2358 Fast.
362 2328 395 2369 1,
406 2327 482 2360 614.
525 2329 581 2360 De
596 2329 661 2362 illo
673 2331 854 2365 adiectivo

130 2378 317 2421 Anqustas
338 2381 410 2414 vid.
433 2384 479 2415 ad
502 2380 571 2426 111,
593 2385 630 2427 8,
655 2385 707 2418 13.

175 2478 229 2512 41.
262 2477 365 2511 Num
386 2479 485 2521 quia.
530 2483 679 2526 Dresd.,
717 2486 848 2518 Franc-

129 2542 154 2567 a
175 2534 208 2567 1.
228 2543 295 2576 m.,
322 2534 405 2567 vat
430 2534 482 2577 1.‚
510 2537 587 2569 Pol.
613 2538 665 2580 1.,
699 2541 775 2573 Pal.
804 2542 852 2582 2.,

129 2591 205 2622 lun.
212 2611 227 2631 ,
248 2589 369 2631 Serv„
392 2591 444 2622 lx
466 2590 529 2622 alii
551 2592 672 2626 Heius.
695 2598 731 2627 et
753 2596 852 2628 eius-

129 2645 210 2676 dem
237 2645 292 2676 ed.
321 2653 377 2686 pr.
405 2647 443 2676 et
465 2646 585 2678 Guelf.
610 2656 709 2680 num.
753 2652 852 2684 con.

128 2699 283 2732 firmant
295 2708 375 2732 eam
395 2699 613 2740 scripturam
630 2703 722 2746 Put,
740 2704 851 2748 Gall„

128 2754 163 2786 11
184 2755 246 2788 alii
267 2756 404 2795 nefins„
437 2754 559 2797 Goth„
590 2757 726 2799 BeroL,
755 2760 851 2802 Bel„

128 2808 188 2849 qui
209 2809 376 2842 exhibent
386 2817 458 2841 non
460 2832 473 2850 ‚
484 2813 521 2843 et
536 2810 659 2854 Crem,
671 2813 730 2854 qni
741 2822 851 2846 nunt-

126 2860 226 2903 qm'd.
269 2864 412 2907 Reliqui
435 2860 488 2904 (⁴3)
512 2869 550 2900 et
570 2868 659 2901 vett.
683 2869 762 2902 edd.
774 2877 849 2902 an.-

928 573 1021 608 quae
1053 565 1145 597 ferri
1174 563 1281 596 etiam
1310 565 1446 607 potest,
1470 566 1510 597 ut
1532 565 1654 606 dupli-

928 629 1007 654 cem
1038 621 1108 652 hoc
1149 619 1327 651 distichon
1366 627 1434 651 nec
1473 620 1569 653 inter
1609 630 1653 653 se

928 676 1158 708 coniunctam
1182 674 1367 707 contineat
1388 674 1652 716 interrogatio-

927 737 1019 762 nem.
1070 729 1294 762 Betinuimus
1316 729 1533 771 scripturam
1553 738 1655 772 num,

927 788 969 818 ut
997 787 1035 818 et
1063 780 1324 826 elegantiorem
1357 787 1393 817 et
1416 784 1568 818 disticho
1591 795 1655 818 se-

929 839 1051 882 quenti
1073 839 1187 882 magis
1210 841 1467 881 congruentem
1486 843 1523 873 et
1541 840 1656 874 maio-

928 903 972 928 re
1001 894 1165 928 codicum
1200 895 1420 928 auctoritate
1457 896 1653 941 firmatam5

928 959 1011 984 nam
1055 951 1332 991 Heinsianorum
1377 951 1490 984 multo
1532 953 1656 994 plures

927 1013 1018 1037 num
1049 1004 1111 1037 vel
1140 1013 1215 1037 non
1242 1005 1407 1037 habuisse
1429 1013 1475 1037 ex
1494 1014 1539 1038 eo
1562 1015 1654 1039 con-

927 1059 989 1092 iici
1011 1062 1153 1102 potest,
1197 1059 1292 1100 quod
1321 1060 1494 1094 Merkelii
1522 1066 1560 1095 et
1583 1072 1653 1095 no-

928 1114 996 1147 stri
1018 1123 1142 1148 omnes
1169 1123 1258 1147 mam
1286 1118 1349 1149 aut
1380 1125 1454 1148 non
1478 1118 1657 1150 exhibent.

971 1182 1194 1214 Burmannus
1223 1188 1269 1213 ex
1298 1183 1490 1215 uno-Leid.
1514 1183 1654 1216 induxit

929 1236 1060 1269 domus
1080 1244 1169 1268 una.
1213 1236 1418 1276 perperam.
1464 1238 1550 1270 Ista
1571 1239 1604 1271 h.
1626 1239 1652 1271 l.

928 1294 984 1323 est
1007 1291 1127 1324 oratio
1149 1289 1262 1332 digito
1273 1295 1517 1326 monstrantis.
1551 1295 1656 1328 conf.

928 1346 980 1387 11,
1002 1345 1078 1378 ³39.
1139 1345 1237 1378 Busl.
1265 1344 1347 1379 illa.
1409 1350 1529 1382 Berol.
1556 1348 1655 1390 ipsa.

926 1401 1005 1433 Put.
1027 1399 1169 1434 habuit.

970 1475 1025 1509 42.
1047 1475 1129 1510 Deo
1153 1480 1219 1511 est.
1268 1482 1324 1513 lta
1345 1481 1422 1514 Pal.
1447 1481 1492 1523 1.,
1516 1482 1655 1525 cuein,

926 1530 1049 1574 Goth„
1071 1534 1192 1577 nem,
1213 1537 1307 1578 Pnt,
1336 1537 1482 1578 Franc„
1506 1536 1581 1569 Pal.
1605 1539 1654 1580 2.,

924 1586 1029 1629 Beg,
1070 1589 1181 1631 Busl.,
1219 1592 1311 1633 lun„
1358 1591 1474 1631 Leid.‚
1517 1593 1654 1635 Ber-01„

926 1641 1051 1684 crem,
1073 1644 1225 1687 Dresd.,
1260 1647 1322 1677 ed.
1344 1655 1399 1686 pr.
1428 1649 1466 1678 et
1486 1647 1652 1688 reliquae

925 1699 1013 1738 vett.
1037 1714 1080 1720 —
1096 1700 1245 1745 *Reliqui
1267 1702 1371 1733 codd.
1394 1701 1451 1733 est
1473 1703 1653 1737 omittunt.

942 1773 1023 1807 ‘42
1054 1775 1243 1810 Leucadio
1271 1778 1340 1811 deo
1369 1786 1437 1820 per
1458 1781 1653 1822 periphra-

924 1829 981 1862 sin
1003 1829 1091 1862 dicit
1112 1831 1313 1874 poetapro
1332 1832 1514 1876 Apollini,
1536 1837 1653 1878 signi-

924 1885 1038 1917 ficans
1066 1885 1170 1918 simul
1200 1888 1354 1928 Augusti
1382 1889 1574 1924 victoriam
1606 1900 1651 1924 a-

923 1940 996 1980 pud
1018 1941 1162 1973 Actium
1184 1944 1222 1974 et
1243 1943 1460 1978 Leucadiam
1482 1946 1653 1991 insulam,
1715 1976 1719 1977 γ

923 1995 985 2027 vel
1006 1996 1240 2036 peninsulam.
1292 1999 1414 2031 Strab.
1437 2001 1480 2033 X.
1502 2012 1536 2043 p.
1561 2003 1653 2046 311„

922 2051 1001 2083 Liv.
1022 2053 1186 2084 XXXIII.
1209 2061 1240 2085 c.
1265 2053 1318 2085 17.
1367 2054 1652 2090 Leucadium

922 2109 1041 2139 autem
1063 2107 1172 2139 deum
1199 2108 1406 2149 Apollinem
1438 2111 1540 2154 dicit,
1564 2114 1648 2154 quia

921 2161 958 2194 in
980 2163 1184 2195 Leucadiae
1206 2165 1457 2206 promontorio
1486 2168 1650 2200 Leucata

923 2217 1069 2249 celebre
1118 2217 1189 2248 fuit
1240 2219 1419 2259 Apollinis
1479 2223 1650 2263 templum

921 2273 1045 2310 (Serv.
1067 2273 1115 2305 ad
1141 2272 1244 2313 virg.
1272 2274 1315 2305 A.
1338 2275 1414 2316 111,
1443 2276 1557 2318 274.);
1581 2279 1651 2311 nisi

919 2326 1016 2358 forte
1038 2326 1186 2368 poetam
1208 2328 1412 2368 Apollinem
1442 2332 1648 2376 Actiacum,

920 2381 1021 2413 cuius
1044 2381 1215 2422 templum
1237 2382 1282 2414 ab
1306 2385 1470 2424 Augusto
1493 2392 1648 2429 propter

917 2434 1019 2467 illam
1052 2435 1245 2470 victoriam
1283 2440 1488 2479 ampliatum
1539 2446 1648 2484 atque

914 2492 1130 2523 exornatum
1153 2499 1234 2524 esse
1257 2495 1401 2525 constat
1423 2495 1543 2532 (suet.
1563 2497 1644 2531 Oct.

919 2552 950 2576 c.
976 2544 1044 2586 18„
1066 2545 1169 2587 virg.
1192 2549 1400 2590 Aeu.V111,
1424 2549 1514 2592 764„
1537 2553 1646 2594 Prop.

918 2599 990 2639 111,
1012 2598 1070 2640 10,
1093 2600 1180 2642 69.),
1203 2601 1239 2632 in
1253 2602 1371 2635 animo
1387 2605 1554 2639 habuisse
1576 2617 1646 2648 pu·-

919 2655 1045 2685 temus.
1089 2654 1171 2686 Vid.
1195 2656 1240 2687 de
1270 2664 1314 2688 ea
1335 2665 1378 2689 re
1400 2661 1555 2692 nondum
1577 2670 1642 2693 sa-

919 2707 963 2738 tis
993 2703 1186 2748 explorata
1211 2710 1366 2752 interpp.
1397 2714 1443 2745 ad
1471 2714 1576 2756 virg.
1599 2718 1645 2749 A.

918 2763 988 2804 111,
1011 2763 1087 2796 274.
1120 2779 1163 2789 -
1194 2764 1240 2796 V.
1262 2765 1317 2797 43.
1353 2768 1448 2799 Busl.
1476 2766 1643 2810 ipsaque.

915 2818 995 2850 Bel.
1039 2817 1172 2859 ipsane
1213 2818 1353 2861 festiva
1386 2822 1453 2854 est.
1522 2824 1642 2857 Guelf.

915 2871 1004 2914 quid
1021 2872 1137 2915 festa.
1182 2875 1256 2907 Pal.
1282 2875 1310 2908 1.
1335 2876 1392 2909 est
1414 2877 1554 2911 omittit.
