1846 3146
198 184 299 241 350

401 187 405 189 ’
439 191 497 240 P.
534 189 757 241 OVIDII
790 190 1106 244 NASONIS
1139 194 1483 247 -TRISTIUM

198 314 298 362 Hic
332 327 427 378 ego
463 313 711 362 sollicitae
744 315 885 364 iaceo
917 331 1076 365 novus
1110 317 1276 366 incola
1308 318 1470 367 sedis:

1662 320 1728 369 85

241 397 380 445 ‘Heu
413 398 605 445 nimium
638 396 729 445 fati
762 402 979 466 tempora
1014 399 1149 448 lenta
1182 401 1299 449 mei!

198 479 265 527 Et
296 473 455 527 tamen
490 478 554 527 ad
585 495 809 530 numeros
844 483 1136 547 antiquaque
1169 490 1312 532 sacra
1342 486 1529 534 reverti
1593 488 1598 497 ¹

265 561 490 612 Sustinet
523 564 574 610 in
608 565 754 612 tantis
786 564 981 631 hospita
1013 565 1160 614 Musa
1192 566 1347 614 malis.

197 643 306 695 Sed
338 656 510 710 neque,
548 649 627 697 cui
648 650 876 742 recitem,
901 642 1162 714 quisquam
1185 654 1277 710 est,
1305 664 1412 698 mea
1432 651 1657 738 carmina,

263 814 483 864 Auribus
518 815 729 880 accipiat
761 814 918 863 verba
951 814 1130 863 Latina
1163 817 1279 865 suis,

1056 746 1150 781 nec
1183 734 1265 797 qui
1627 763 1633 767 -

1661 814 1727 864 90

166 898 312 964 *lpse
343 896 458 945 mihi
494 888 643 961 [quid
674 898 800 947 enim
829 886 1006 947 faciam
1015 898 1070 960 2]
1106 895 1370 963 scriboque
1385 893 1656 963 legeque,-

263 980 490 1045 Tutaque
525 979 709 1075 iudicio
744 979 890 1029 litera
922 987 1091 1066 nostra
1111 996 1212 1042 *suo
1249 986 1339 1049 est.
1399 1050 1402 1053 ῃ
1438 1039 1443 1044 ,

192 1143 434 1185 Bern„1un.
468 1142 506 1173 et
525 1114 680 1176 Pirckb.
708 1139 930 1184 iniectaque.

193 1200 274 1232 Put.
297 1201 334 1232 et
355 1198 453 1231 Busl.
476 1195 723 1237 collectaque.

238 1288 292 1321 84.
327 1284 445 1320 Perit.
484 1284 614 1318 Scribe
628 1283 744 1318 cadit.
779 1285 840 1319 Sic
851 1289 928 1320 Iun.

194 1347 233 1377 et
255 1352 323 1385 pro
349 1342 420 1374 div.
442 1349 515 1373 scr.
540 1340 639 1373 Gott.
664 1343 701 1373 et
719 1341 819 1375 Rott.
856 1344 928 1375 Su-

193 1406 263 1453 pra
286 1399 355 1440 111,
380 1397 437 1440 11,
461 1397 515 1447 63.

199 1505 202 1507 Α
257 1472 333 1500 Pars
361 1470 454 1507 cadit
465 1470 594 1500 hamatis
612 1470 724 1500 misere
741 1471 859 1500 confixa
875 1478 929 1500 sa-

592 1516 689 1551 gillis.

192 1565 292 1597 Fast.
314 1563 386 1617 vr,
411 1564 488 1602 7⁷5-

256 1650 299 1680 ΕΙ.
316 1647 428 1698 cecidit
445 1648 516 1679 telis
533 1648 705 1678 Hasdrubal
722 1647 787 1683 ipse
805 1649 881 1677 suis.

777 1695 926 1728 ΗιῑιΝε.

190 1764 370 1808 Exempla
412 1762 484 1807 ista
528 1763 724 1796 ostendunt
758 1763 929 1796 Latinum

191 1828 275 1852 esse
297 1817 450 1861 saqittis
474 1818 631 1858 cadere,
655 1819 693 1849 ec
721 1818 766 1850 ab
797 1817 927 1851 Ovidio

190 1875 273 1907 aliis
296 1880 437 1915 quoque
454 1873 550 1904 locis
564 1873 616 1904 ita
636 1873 718 1905 dici.
764 1874 836 1905 Sed
855 1881 927 1915 pe-

189 1929 274 1962 rire
297 1935 439 1971 quoque
467 1927 504 1959 in
532 1928 603 1960 'hac
632 1936 675 1960 re
698 1930 736 1960 et
757 1929 927 1961 Latinum

134 2020 140 2024 ,
190 1986 248 2017 est
271 1985 308 2016 et
331 1983 555 2022 Ovidianum.
599 1983 652 2025 V,
676 1986 712 2025 5,
736 1984 790 2016 24.
841 1985 925 2016 Vid.

189 2040 343 2072 Indices.
399 2039 479 2070 Hoc
515 2037 595 2070 dico
625 2038 764 2070 nullam
796 2039 926 2071 adesse

191 2102 358 2128 caussam
404 2093 575 2134 optimam
618 2094 837 2134 scripturam
880 2104 925 2128 o-

190 2151 323 2183 mnium
345 2157 463 2191 prope
484 2144 664 2181 librorum
688 2149 858 2181 mutandi.

235 2240 289 2272 85.
322 2235 532 2270 sollicitae.
562 2238 695 2270 Franc.
707 2247 775 2279 pro
794 2249 830 2272 v.
851 2248 924 2272 scr.

189 2292 624 2334 sarmaticae—yemis.
646 2294 757 2325 Voss.
776 2292 831 2325 sic
848 2301 925 2335 eqo.

190 2351 270 2382 Put.
292 2348 422 2383 incola
444 2349 586 2380 terrae.
633 2347 710 2380 Pol.
734 2347 766 2380 1.
788 2350 826 2381 et
842 2350 925 2382 Me-

189 2405 259 2437 dic.
281 2403 394 2436 nimis
415 2402 554 2436 incola.
600 2402 740 2434 ΒσιιΜ.

234 2459 390 2502 Novus,
434 2461 475 2492 ut
514 2457 643 2506 exsilio
676 2459 766 2492 illuc
795 2441 926 2501 'proie-

190 2518 284 2549 ctus.

233 2604 287 2637 86.
322 2603 456 2638 Lenta.
502 2604 635 2645 Lonya
656 2601 785 2645 scripti
807 2603 924 2644 pleri-

190 2667 270 2701 que.
317 2660 465 2692 Hiems.
515 2661 562 2693 Et
592 2659 647 2691 sic
673 2666 753 2690 cum
775 2659 924 2690 Heinsio

189 2707 293 2755 nunc
310 2716 425 2757 vulgo
449 2717 578 2749 editur.
631 2714 720 2748 Mihi
742 2721 834 2746 vera
866 2714 925 2746 vi·-

190 2771 299 2804 detur
326 2773 513 2813 scriptura
542 2771 666 2810 lenta,
702 2777 795 2810 quae
817 2769 925 2800 ctiam

188 2827 401 2868 elegantior
427 2828 494 2859 est.
556 2825 661 2857 Fata
689 2825 798 2857 lenta·
824 2826 925 2866 sunt,

187 2891 281 2925 quae
304 2883 411 2915 tarde
433 2883 639 2923 procedere
656 2881 926 2922 videntur-,veh

996 1145 1036 1175 ut
1058 1144 1126 1185 ΙΙΙ,
1150 1143 1186 1185 2,
1210 1142 1264 1174 29.
1287 1140 1366 1182 ipse
1388 1142 1488 1175 Naso
1513 1142 1619 1186 dicit,
1642 1151 1725 1177 ces-

994 1196 1143 1237 santia.
1169 1196 1232 1230 Sic
1247 1197 1370 1235 lentas
1383 1192 1514 1228 moras
1526 1199 1615 1231 dixit
1625 1201 1724 1233 Fast.

994 1254 1055 1294 11,
1084 1253 1161 1285 722.
1213 1252 1317 1286 Conf.
1350 1253 1511 1285 Remed.
1523 1255 1567 1286 A.
1589 1263 1633 1287 v.
1647 1256 1725 1288 243

995 1312 1033 1340 et
1054 1309 1140 1355 Her.
1161 1308 1236 1350 ΠΙ,
1268 1307 1344 1340 138.
1397 1307 1541 1340 Lentus
1569 1308 1727 1355 utilitia

996 1363 1085 1397 dixit
1107 1363 1238 1398 Tibull.
1266 1364 1300 1404 Ι,
1329 1363 1365 1406 3,
1394 1361 1449 1396 82.
1501 1352 1626 1401 Levita
1647 1363 1729 1399 dies

996 1422 1053 1452 est
1075 1421 1171 1460 apud
1192 1418 1256 1451 Sil.
1279 1420 1380 1460 XIII,
1391 1418 1469 1451 487.
1512 1419 1597 1452 vid.
1606 1421 1726 1454 Bentl.

995 1475 1043 1507 ad
1063 1475 1153 1507 Hor.
1175 1475 1292 1515 Epist.
1314 1476 1356 1517 1,
1388 1474 1429 1517 1,
1456 1473 1512 1506 21.
1555 1476 1612 1508 Ac
1633 1485 1726 1523 prog-

995 1531 1094 1563 fecto
1117 1529 1298 1570 probabili
1300 1539 1341 1562 us
1365 1532 1437 1572 est,
1460 1514 1565 1562 lenta
1584 1530 1621 1563 in
1639 1527 1727 1563 lon-

980 1594 1061 1627 ,9a‚
1097 1593 1200 1626 quam
1229 1585 1346 1626 lonqa
1373 1585 1410 1617 in
1438 1580 1652 1618 insolentius
1671 1586 1725 1619 il-

994 1641 1057 1673 lud
1080 1639 1184 1671 lenta
1206 1646 1298 1672 esse
1310 1639 1516 1675 ambrariis
1541 1642 1725 1674 mutatum.

993 1695 1117 1729 Lenta
1148 1695 1319 1728 exhibent
1347 1676 1726 1739 Pal.1.,D1-esd.et

993 1751 1160 1784 nonnulli
1170 1750 1294 1782 Heins.
1306 1757 1387 1783 cum
1398 1751 1488 1784 vett.
1510 1751 1593 1783 edd.-
1590 1760 1725 1794 prae-

995 1810 1053 1841 ter
1087 1808 1224 1839 Bonon.
1282 1804 1412 1838 Dresd.
1439 1804 1549 1837 etiam
1582 1814 1654 1853 pro
1689 1816 1726 1840 v.

993 1872 1066 1896 scr.
1089 1863 1213 1904 longa.
1643 1890 1654 1909 Ι

1036 1941 1091 1974 88.
1123 1937 1288 1982 Hospita
1308 1936 1434 1970 Musa.
1480 1933 1609 1977 Diana
1625 1937 1722 1970 Gau.

993 1997 1048 2029 De
1078 1995 1231 2037 hospita
1259 1993 1356 2026 conf.
1384 2001 1419 2024 v.
1437 1992 1503 2024 50
1534 2007 1576 2013 -
1597 1992 1644 2039 V.
1669 1993 1725 2026 87.

993 2051 1131 2083 Dresd.
1143 2059 1211 2090 pro
1234 2059 1271 2082 v.
1293 2056 1366 2080 scr.
1389 2046 1434 2078 at
1447 2035 1587 2088 tamen,
1609 2047 1725 2080 etsi-
1767 2071 1778 2083 .,

989 2112 1068 2146 qna
1090 2102 1246 2136 reverti.
1555 2116 1557 2118 v
1631 2112 1633 2115 ⁴

1035 2182 1090 2214 89.
1122 2178 1304 2227 Recitem.
1358 2169 1442 2212 Vid.
1473 2181 1550 2212 not.
1572 2182 1625 2214 ad
1654 2183 1724 2224 III,

993 2224 1050 2278 15,
1069 2237 1121 2268 39.
1146 2238 1183 2268 et
1206 2235 1303 2268 conf.
1326 2235 1376 2277 V,
1402 2235 1458 2276 12,
1488 2236 1542 2267 53.
1560 2253 1605 2260 —
1623 2238 1723 2281 Leid

993 2292 1049 2323 est
1060 2292 1199 2324 omittit.
1223 2291 1368 2323 Pirckh.
1391 2293 1428 2323 et
1451 2293 1540 2323 vett.
1561 2293 1641 2324 edd.
1655 2301 1722 2325 re-

989 2345 1128 2388 feram.
1173 2346 1249 2379 Pal.
1272 2345 1304 2378 1.
1326 2353 1411 2378 cum
1431 2345 1598 2379 recitem.

1039 2434 1093 2467 90.
1125 2433 1314 2475 Accipiat.
1360 2435 1457 2468 Gan.
1481 2433 1660 2475 excipiat.

1035 2512 1088 2544 91.
1107 2511 1227 2554 „Ipse
1249 2511 1338 2544 mihi
1358 2512 1496 2555 scribo,
1518 2512 1720 2555 recitoque,

991 2577 1142 2610 meoque
1164 2570 1264 2610 ipsus
1287 2569 1419 2606 iudicio
1450 2569 1722 2601 examinandum
1759 2577 1762 2579 ·

991 2627 1028 2656 et
1051 2623 1309 2656 aestimandum
1332 2625 1377 2657 do
1402 2626 1471 2657 etc.

1035 2714 1089 2746 92.
1122 2713 1212 2754 Suo,
1233 2713 1327 2754 quod
1346 2713 1380 2746 ei
1399 2711 1593 2755 Contingit,
1615 2721 1721 2754 quum

992 2777 1061 2810 ego
1095 2768 1195 2810 ipse,
1231 2767 1291 2809 qui
1313 2767 1401 2810 feci,
1429 2766 1562 2799 iudico.
1616 2768 1722 2809 neg„

992 2825 1103 2866 Gall„
1126 2823 1246 2856 Berol.
1269 2830 1352 2854 meo
1373 2821 1440 2871 eet.
1474 2822 1576 2854 Leid.
1598 2821 1656 2853 est
1676 2821 1721 2853 o'-

992 2881 1108 2912 mittit.
