1846 3146
197 170 295 220 118

443 169 498 217 P.
536 167 758 218 ovmn
793 165 1108 216 NASONIS
1143 166 1486 217 TRISTIUM

725 323 1068 400 limam
1115 353 1196 399 x.

242 467 335 502 Cum
358 467 464 500 Naso
485 475 559 507 per
579 475 688 498 mare
697 465 939 499 Adriaticum
962 467 1001 499 et
1022 465 1173 499 Ionium
1183 466 1388 506 Lechaeas,
1409 465 1569 498 nobilem
1588 463 1628 496 in
1645 463 1730 497 sinu

285 522 527 557 Corinthiaco
547 523 705 563 portum
726 522 900 564 venisset,
922 523 1107 555 Isthmum
1130 521 1370 554 Corinthium
1390 514 1548 562 pedibus
1575 522 1732 561 transiit

287 577 512 619 Cenchreas,
550 579 715 610 alterum
744 577 916 611 Corinthi
943 579 1097 618 portum
1132 576 1228 618 (vid.
1253 577 1294 619 I,
1331 575 1392 617 11,
1426 577 1505 618 5.),
1536 577 1598 609 ubi
1632 586 1732 610 nova

287 634 413 665 sumta
443 634 532 666 navi
560 635 650 675 post
674 635 809 675 plures
841 633 1016 673 ambages
1052 631 1358 665 Samothraciam
1393 631 1569 674 pervenit
1573 654 1589 675 ,
1618 633 1732 676 atque

289 688 376 720 inde
410 689 449 721 in
485 690 672 722 Thraciae
702 698 809 721 oram
838 690 1077 722 transvectus
1108 690 1174 730 est,
1202 688 1389 730 reliquam
1410 687 1560 720 itineris
1578 690 1731 730 partem

287 753 360 784 per
388 744 592 777 Thraciam
616 746 725 776 terra
745 745 933 787 facturus.
992 744 1147 776 Laudat
1174 745 1244 775 hoc
1272 743 1439 775 carmine
1460 743 1586 776 navim
1607 745 1730 787 illam,

289 809 402 844 quam
432 800 632 834 Cenchreis
661 800 953 841 conscenderat,
982 798 1202 841 felicemque
1225 797 1258 831 ei
1281 807 1433 831 cursum
1455 799 1512 831 ita
1531 800 1730 840 precatur,

287 857 331 887 ut
351 855 462 889 sinaut
486 858 606 890 totum
627 857 715 896 iter,
738 855 837 896 quod
859 863 885 885 a
908 854 1106 887 Cenchreis
1130 856 1245 897 usq'ue
1265 854 1305 886 in
1321 854 1627 888 Samothraciam
1648 854 1726 886 iam

289 914 512 955 confecerat
533 914 571 945 et
590 912 676 944 inde
704 911 742 943 in
776 910 969 950 Scythiam
997 910 1120 942 adhuc
1149 910 1237 941 erat
1265 903 1496 952 confectura,
1527 909 1636 943 docte
1659 910 1725 942 de-

291 968 446 1000 scribat.
490 967 659 1008 Scripsit
675 967 792 1008 poe'ta
813 966 912 998 illud
935 974 1088 998 carmen
1112 973 1154 1011 eo
1175 963 1259 1006 ipso
1283 966 1462 1008 tempore,
1497 974 1569 1007 quo
1591 966 1728 997 Samo-

291 1012 443 1055 thracia
464 1022 502 1054 in
531 1021 736 1054 Thraciam
761 1022 924 1064 traiecit,
948 1023 1045 1054 unde
1067 1021 1106 1053 in
1125 1020 1200 1063 fine
1224 1019 1404 1052 carminis
1427 1021 1540 1054 etiam
1562 1020 1729 1053 alteram

287 1076 425 1119 nai-im,
451 1077 490 1109 in
513 1084 588 1119 qua
610 1076 658 1108 ab
682 1076 808 1109 insula
829 1077 869 1109 in
896 1077 1101 1110 Thraciam
1123 1077 1252 1110 vectus
1276 1075 1342 1117 est,
1366 1075 1491 1119 tanqit
1513 1077 1617 1120 eique
1639 1076 1728 1109 bene

284 1134 482 1174 precatur.

198 1232 290 1282 Est
324 1229 454 1292 mihi,
490 1234 648 1296 sitque
681 1247 873 1297 precor,
909 1232 1068 1280 flavae
1104 1230 1258 1278 tutela
1291 1229 1552 1297 Minervae

264 1315 443 1374 Navis,
481 1321 531 1364 et
565 1333 594 1363 a
626 1318 759 1381 picta
795 1314 990 1364 ea'sside
1023 1328 1195 1362 nomen
1230 1314 1394 1363 habet.
1463 1373 1465 1375 q

198 1449 362 1483 nonod.
386 1450 418 1491 1,
441 1450 477 1491 3,
495 1449 547 1491 ·1.,
570 1451 602 1491 1,
622 1450 679 1492 26,
691 1450 745 1481 25.
776 1450 830 1481 Ae
842 1456 928 1480 sen-

197 1515 259 1538 sus
284 1508 354 1538 est:
381 1505 462 1544 Qua
471 1505 580 1545 potes
593 1512 735 1536 excusa
757 1504 825 1535 etc.
839 1513 852 1534 .·
874 1502 929 1534 sic

199 1563 319 1603 (tunc,
342 1562 412 1592 hoc
434 1561 639 1597 sirfeceris)
659 1560 760 1601 opto,
784 1568 825 1590 eo
834 1559 930 1599 pede

197 1625 349 1657 semper
374 1624 449 1656 eas,
473 1623 548 1656 qno
558 1615 647 1648 bene
658 1613 825 1655 coepisti.
859 1616 929 1647 At-

200 1682 268 1714 que
290 1674 343 1705 ita
365 1672 632 1712 elegantissime
657 1679 737 1703 cum
770 1672 860 1702 voto
885 1671 930 1701 de

196 1735 368 1758 successu
402 1731 439 1760 et
467 1727 690 1759 incremento
728 1726 856 1768 amici,
894 1730 931 1759 et

197 1784 338 1824 quidem
380 1784 506 1814 eodem
546 1783 678 1823 modo,
709 1791 778 1822 quo
810 1782 931 1822 coepit

199 1839 290 1875 [vid.
318 1848 353 1870 v.
385 1837 456 1878 1.),
488 1845 637 1869 carmen
659 1837 826 1876 explicit:
860 1844 930 1868 nec

199 1902 289 1934 opus
312 1895 397 1927 sunt
411 1892 602 1924 Burmanni
619 1893 851 1924 coniecturae
873 1890 929 1923 sic

198 1948 287 1981 hene
328 1946 485 1987 coepisti
524 1955 595 1988 quo
633 1947 729 1988 pede
765 1947 827 1979 vel
861 1945 928 1987 sic,

196 2005 292 2045 pede
322 2001 481 2043 coepisti
508 2009 581 2044 quo
606 2001 706 2042 bene,
741 2001 810 2032 etc.
856 2000 930 2032 Alii

199 2061 288 2093 illud
309 2060 365 2092 sic
388 2066 456 2099 pro
484 2065 539 2097 eo,
564 2059 601 2089 et
624 2047 737 2088 totum
761 2055 930 2087 versicu-

198 2118 272 2150 lum
296 2117 341 2154 de
364 2114 575 2153 defensione
598 2112 703 2150 amici
722 2114 759 2143 et
773 2119 930 2143 excusa-

201 2172 300 2204 tione
330 2169 613 2209 intellexerunt,
645 2170 684 2201 ut
712 2175 757 2199 eo
779 2170 930 2199 senten-

202 2229 255 2261 tia,
282 2237 319 2260 v.
354 2227 407 2260 65.
440 2225 654 2265 exponatur.
699 2223 933 2264 Ineleganter

203 2290 306 2323 sane,
331 2282 436 2314 immo
459 2279 596 2320 inepte,
620 2287 666 2311 ne
690 2280 734 2311 de
751 2280 931 2320 asyndeto

201 2338 265 2370 illo
292 2338 417 2369 dicam.

244 2411 412 2445 Ceterum
436 2408 603 2450 optimam
624 2405 839 2446 scripturam
856 2412 928 2446 quo

199 2464 412 2498 bene-sic
450 2463 545 2504 pede
584 2460 749 2493 Heinsius
795 2461 929 2502 primus

199 2522 323 2563 edidit,
348 2526 496 2559 eamque
518 2517 594 2550 Pal.
619 2516 664 2558 1.,
678 2517 810 2548 Franc.
826 2517 863 2547 et
876 2515 930 2547 VI

199 2577 261 2609 alii
290 2567 410 2608 Heius.
445 2577 481 2606 et
515 2574 591 2605 eius
622 2572 676 2603 ed.
706 2580 784 2613 pr.,
807 2572 928 2612 Rern„

199 2632 342 2674 Guelf„
376 2631 496 2663 Berol.
537 2631 574 2662 et
618 2624 726 2662 c‘rev.
771 2629 929 2659 tuentur.

199 2686 346 2718 Plurimi
378 2687 480 2718 codd.
513 2686 550 2716 et
581 2683 661 2715 Bel.
695 2691 763 2722 pro
792 2692 827 2714 v.
858 2689 930 2713 scr.

199 2746 235 2774 et
244 2745 332 2774 vett.
348 2742 426 2773 edd.
441 2748 512 2782 quo
528 2737 737 2779 pede—sic
747 2737 854 2775 bene,·
871 2736 929 2767 ni-

199 2797 230 2828 si
246 2797 338 2837 quod
353 2797 446 2837 Put„
457 2795 567 2835 Gall„
576 2796 684 2834 Mor„
698 2794 819 2833 Serv.,
830 2790 929 2823 Leid.

199 2854 237 2885 et
259 2860 337 2885 exc.
361 2852 468 2886 Voss.
494 2850 593 2893 quod
616 2845 820 2881 bene-sic
830 2846 929 2886 bene,

997 1451 1034 1481 et
1058 1450 1134 1480 Iun.
1158 1457 1237 1480 cum
1261 1449 1312 1479 111
1335 1447 1418 1478 aliis
1434 1446 1554 1478 Heius.
1577 1446 1622 1477 ut
1643 1438 1732 1478 bene
1765 1439 1767 1443 ”

996 1503 1104 1535 —-sic
1126 1503 1226 1535 bene.
1272 1504 1420 1535 Remed.
1443 1504 1486 1535 A.
1512 1511 1546 1533 v.
1571 1502 1647 1534 39⁰.

1063 1592 1096 1597 —
1111 1593 1146 1598 —
1163 1577 1221 1604 iarn
1241 1584 1379 1613 magnum
1397 1583 1505 1603 nomen
1524 1575 1678 1604 habemns.

1064 1622 1163 1650 Maius
1186 1622 1265 1650 erit:
1295 1624 1408 1657 tantum
1432 1628 1491 1656 quo
1514 1621 1591 1656 pede
1618 1620 1729 1656 coepit,

1392 1668 1452 1692 eat,

1239 1817 1419 1850 ELEGIA
1441 1819 1494 1852 xo«

1043 1895 1072 1927 1.
1107 1896 1254 1928 Flavae
1264 1895 1386 1928 tutela
1396 1892 1606 1928 Minervae.
1650 1897 1726 1929 120·-

998 1956 1062 1983 cus
1084 1952 1294 1994 singularis,
1318 1951 1376 1992 qui
1390 1947 1582 1983 manifesto
1599 1944 1727 1998 distin-

995 2007 1074 2047 guit
1096 2003 1324 2048 παράσημον,
1349 2006 1502 2047 insigne,
1526 2006 1622 2046 quod
1645 1994 1727 2039 erut

995 2062 1031 2094 in
1054 2069 1188 2103 prora,
1218 2063 1373 2102 navique
1400 2069 1534 2093 nomen
1557 2055 1682 2104 dabat,
1706 2070 1729 2093 a

997 2117 1126 2159 tutela,
1153 2124 1243 2158 quae
1267 2119 1348 2149 erat
1371 2118 1407 2149 in
1426 2117 1548 2158 puppi.
1591 2112 1728 2158 ’Παρά-

998 2178 1113 2213 σημον
1135 2173 1216 2203 erat
1238 2180 1335 2204 nunc
1360 2170 1462 2214 deuS,
1485 2180 1581 2204 nunc
1602 2173 1728 2215 heros,

997 2237 1093 2260 nunc
1123 2229 1271 2270 animal,
1292 2237 1400 2270 ‚nunc
1433 2223 1532 2260 aliud
1566 2229 1663 2271 qnid,
1686 2232 1729 2261 nt

998 2285 1030 2315 h.
1053 2284 1077 2316 l.
1101 2282 1234 2325 cassis,
1267 2285 1362 2324 apud
1391 2281 1582 2316 Maronem
1611 2280 1728 2322 A.'v,

1000 2340 1074 2373 116.
1095 2338 1243 2381 pristis,
1265 2341 1320 2382 X,
1337 2340 1413 2372 166.
1436 2338 1561 2381 'tigri-⁹,
1583 2341 1631 2381 X,
1649 2339 1728 2372 209.

1001 2396 1155 2437 Triton,
1185 2395 1260 2427 206.
1283 2393 1466 2436 Mincius,
1510 2395 1558 2426 ul.
1613 2395 1725 2427 Tute-

995 2452 1065 2483 lam
1089 2458 1233 2491 semper
1256 2451 1343 2482 deus
1366 2451 1430 2481 aut
1445 2450 1531 2482 'Dea
1544 2449 1726 2482 tenebant.

997 2505 1061 2537 Su.
1089 2506 1197 2547 xlv,
1231 2507 1307 2541 410.
1334 2499 1413 2538 v>440.
1469 2505 1540 2538 sed
1565 2505 1727 2545 quando-

997 2569 1081 2602 que..
1091 2562 1207 2593 tutela
1230 2564 1268 2594 et
1290 2562 1431 2603 insigne
1451 2560 1607 2592 eiusdem
1618 2558 1727 2599 signi,
1760 2598 1762 2602 y

997 2613 1175 2658 navisque,
1192 2625 1266 2649 non
1287 2617 1402 2648 minus
1426 2624 1449 2648 a
1469 2615 1598 2656 tutela,
1622 2621 1726 2654 quam

997 2675 1041 2705 ab
1066 2673 1198 2715 insigni
1220 2681 1351 2706 nomen
1367 2671 1607 2704 mutuabatur.
1643 2669 1726 2702 Vid-

996 2731 1131 2762 Meurs.
1161 2731 1206 2761 ad
1235 2729 1420 2770 Lycophr.
1453 2727 1554 2759 cass.
1584 2734 1619 2756 v.
1651 2723 1726 2755 110.

998 2786 1117 2827 1299.,
1151 2785 1307 2825 interpp.
1341 2784 1387 2814 ad
1416 2781 1499 2814 val.
1534 2779 1658 2811 macc.
1695 2779 1726 2818 1,

997 2842 1088 2884 301„
1112 2842 1241 2874 senec.
1255 2841 1380 2880 Agant.
1403 2847 1438 2870 v.
1463 2837 1553 2877 488„
1575 2835 1727 2867 Salmas.
