1846 3146
213 193 312 244 2⁷6

455 190 513 240 Ρ.
548 188 772 241 OVIDII
805 183 1121 238 NASONIS
1154 181 1497 235 TRISTIUM

214 313 366 364 Neve
398 312 641 362 hominum
674 310 884 360 referam
916 309 1074 358 flexas
1108 306 1174 356 ad
1205 306 1366 368 mitius
1399 306 1498 354 iras
1511 338 1527 365 ,

282 398 483 446 Iunonis
518 409 672 460 gener
705 398 798 454 est,
834 393 1083 458 qui“prius
1115 390 1272 439 hostis
1305 392 1426 437 erat.

217 481 443 545 Denique
479 494 578 527 non
610 493 809 544 possum
840 474 1022 525 nullam
1055 487 1257 540 sperare
1291 471 1514 532 salutem,

287 560 411 612 Cum
441 574 633 628 poenae
665 575 764 608 non
797 560 861 608 sit
896 573 1044 607 causa
1078 559 1280 605 eruenta
1312 568 1463 603 meae.

220 646 339 695 Non
369 643 498 704 mihi,
535 643 787 708 quaerenti
818 639 1136 707 pessumdare
1172 642 1363 697 cuncta,
1397 639 1599 704 petitum
1681 635 1748 685 45

289 726 588 778 Caesareum
621 729 768 792 eaput
801 729 893 785 est,
929 721 1061 789 quod
1095 725 1241 787 eaput
1274 719 1407 771 orbis
1450 723 1584 781 erat;

223 894 409 938 dandique.
454 895 535 927 Duo
550 890 802 934 Pompeiique.
848 892 954 924 Serv.

223 949 441 991 Phariique.
475 947 624 980 Himvs.
668 949 801 981 Frane.
825 955 895 989 pro
918 935 954 979 ἦ.

222 1015 296 1040 scr:
326 1005 644 1046 praeclaraeque.
709 1003 818 1036 Rern.
854 1000 957 1044 quod

223 1059 333 1095 ducis
355 1057 566 1093 Eumachii.

268 1136 450 1171 Emathia
482 1138 539 1170 est
574 1134 681 1177 reg10
717 1132 958 1168 Macedoniae

225 1193 390 1236 (Strab.,
420 1194 535 1235 Μαι,
572 1192 687 1233 min„
724 1188 880 1230 interpp.
914 1189 961 1220 ad

226 1249 480 1291 virg-Georg.
493 1251 526 1291 Ι,
540 1247 650 1290 4930,
672 1247 768 1278 unde
790 1252 859 1285 pro
881 1243 962 1284 ipsa

227 1305 457 1337 Macedonia.
502 1300 705 1336 Emathias
716 1301 794 1333 dum
805 1300 861 1331 est
869 1299 961 1332 Ale-

227 1360 378 1392 xander.
443 1359 588 1400 Duplex
621 1358 742 1390 autem
785 1355 963 1387 memorat

227 1414 433 1449 Alexandri
445 1413 660 1447 clementiae
672 1410 892 1452 exemplum,
903 1408 962 1441 al-

228 1472 348 1503 terum
370 1469 408 1502 in
431 1468 536 1502 Poro
559 1469 686 1501 Indiae
706 1475 798 1509 rege
825 1465 963 1507 proba-

229 1528 320 1567 tum,
345 1532 447 1566 quem
472 1533 579 1566 quum
589 1524 733 1565 proelio
753 1522 965 1563 superatum

231 1581 415 1622 captivum
450 1580 682 1621 abduxisset,
727 1580 857 1620 postea
890 1584 965 1609 non

230 1637 350 1669 solum
379 1635 532 1678 dimisit,
554 1636 619 1667 sed
650 1634 760 1667 etiam
788 1631 966 1673 ampliore

230 1700 348 1734 regno
379 1691 549 1733 donavit;
591 1691 749 1725 alterum
782 1689 820 1721 in
852 1687 966 1720 Dario

233 1748 468 1782 codomauno
498 1748 693 1779 Persarum
716 1753 822 1786 rege,
849 1751 967 1785 quem,

233 1812 342 1844 quum
362 1802 506 1845 praelio
531 1801 650 1833 victus
673 1801 802 1832 fraude
819 1806 968 1831 suorum

234 1859 368 1891 misere
397 1860 495 1890 esset
524 1857 690 1899 occisus,
725 1856 830 1898 regio
864 1862 969 1887 more

233 1915 451 1948 humandum
474 1911 637 1952 curavit3
662 1913 756 1943 unde
767 1907 969 1951 praeclari

235 1969 407 2007 (nobilis)
435 1966 587 2010 funeris
613 1964 822 2007 exsequiae.
868 1963 969 1997 Curt.

236 2023 338 2057 v111.
363 2031 394 2056 c.
419 2022 493 2064 14.‚
523 2023 612 2054 lust.
641 2022 704 2053 xl.
736 2028 767 2052 c.
798 2018 866 2059 15„
889 2019 969 2049 ΧΠ.

238 2087 271 2112 c.
293 2079 342 2120 8.,
365 2078 511 2111 Ari-ian.
535 2078 601 2109 ΙΙΙ.
625 2079 663 2108 et
684 2076 746 2116 V„
760 2074 854 2106 Plut.
863 2073 969 2106 Alex.

239 2132 427 2168 Claudian-
449 2133 565 2174 Epist.
588 2131 635 2163 ad
656 2131 830 2163 Hadrian.

305 2217 431 2248 narium
453 2216 575 2246 famulis
600 2217 738 2245 manibus
761 2212 895 2242 doluisse
917 2216 973 2246 pe-

638 2260 768 2290 remtum

306 2308 418 2338 Fertur
451 2310 484 2336 et
517 2305 635 2343 ingenti
669 2305 786 2333 solatus
826 2302 891 2331 fata
923 2307 976 2329 se-

639 2350 763 2384 pulei-03

309 2395 434 2425 Tradita
451 2394 572 2432 captivo
595 2392 760 2429 spatiosior
782 2391 870 2420 India
886 2389 975 2418 Poro.

245 2478 414 2512 Mendum
435 2477 555 2510 latere
584 2475 622 2508 in
650 2481 746 2508 voce
772 2467 975 2512 praeclari

246 2534 430 2576 putarunt.
492 2531 631 2564 Verum
668 2536 774 2570 quum
809 2527 879 2558 duo
912 2525 979 2557 illa

247 2588 451 2623 Alexandri
480 2583 782 2628 magnanimitatis
812 2581 980 2622 exempla

247 2643 438 2676 notissima
461 2643 598 2683 essent,
619 2639 824 2672 sufficiebat
836 2645 881 2669 ea
899 2637 980 2668 uni-

247 2705 360 2731 verse
381 2696 599 2739 significare.
651 2694 800 2728 Merkel
826 2691 982 2726 coniecit

250 2750 431 2787 Bucen-ini
453 2754 490 2784 et
512 2748 658 2784 collati.
704 2750 784 2784 Bel.
803 2747 947 2792 fuerat.

294 2819 350 2851 De
373 2816 580 2850 choriambo
610 2815 648 2850 in
670 2815 742 2850 fine
763 2812 983 2858 pentametri

253 2873 324 2907 vid.
347 2874 394 2907 ad
417 2874 452 2915 1,
474 2873 511 2916 3,
534 2872 566 2906 6.

1065 887 1120 922 41.
1142 886 1203 920 Aa
1221 884 1357 919 mitius.
1389 887 1445 919 111
1458 885 1579 919 Heius.
1592 885 1631 917 et
1643 883 1754 918 crev-

1022 945 1075 977 αα
1110 940 1277 975 anticius.
1329 941 1407 975 Pal.
1439 941 1471 974 1.
1497 940 1622 982 flexas
1642 940 1755 973 modo

1023 998 1186 1034 amicius.
1230 999 1315 1040 seg.
1339 996 1392 1030 ad
1412 994 1540 1028 mitius
1562 1002 1687 1028 aures.

1068 1099 1123 1132 42.
1153 1093 1314 1130 Iunonis
1333 1102 1460 1137 ρεπεν.
1491 1094 1673 1127 Hercules
1684 1093 1757 1136 est,

1027 1154 1088 1195 qui
1111 1152 1273 1186 omnibus
1300 1151 1488 1183 laboribus
1517 1157 1562 1182 ao
1585 1147 1759 1181 certami-

1026 1208 1144 1250 nibus,
1169 1206 1295 1247 quihus
1329 1214 1410 1238 eum
1439 1205 1586 1238 Iunonis
1607 1203 1760 1246 invidia,

1028 1263 1124 1303 quod
1145 1261 1286 1302 Iupiter
1308 1262 1386 1303 (11,
1415 1260 1510 1298 402.)
1541 1259 1610 1292 illo
1632 1266 1654 1291 e
1675 1258 1760 1300 pel·
1832 1292 1833 1295 ,

1027 1316 1101 1348 lice
1123 1316 1199 1348 filio
1230 1317 1328 1348 esset
1347 1314 1552 1366 gloriatus,
1584 1322 1654 1356 per
1680 1314 1760 1347 Eu-

1029 1372 1218 1413 rystheum
1246 1371 1449 1413 obiecerat,
1478 1370 1693 1412 perfunctus
1724 1370 1765 1401 et

1029 1428 1212 1460 venenata
1244 1427 1311 1460 illa
1339 1424 1535 1459 Deianirae
1566 1425 1671 1458 veste
1693 1424 1764 1467 (11,

1029 1483 1124 1521 405.)
1148 1484 1355 1515 consumtus
1377 1482 1416 1514 in
1438 1480 1581 1513 coelum
1596 1479 1764 1512 sublatus

1030 1542 1102 1583 est,
1125 1539 1320 1579 Hebenque
1351 1536 1500 1570 Iunonis
1533 1536 1570 1567 et
1594 1533 1694 1567 Iovis
1717 1533 1764 1566 fi-

1030 1596 1115 1628 liam
1138 1595 1176 1627 in
1197 1593 1462 1627 matrimonium
1475 1589 1628 1630 accepit.
1660 1588 1765 1620 Hom.

1032 1649 1077 1682 11.
1099 1649 1150 1691 V,
1173 1649 1266 1690 392„
1288 1647 1376 1680 Met.
1388 1647 1455 1688 IX,
1478 1645 1570 1687 179„
1592 1642 1768 1688 ΔιιοΙ-Ιοᾱἱ

1031 1706 1078 1738 11.
1101 1712 1132 1736 c.
1156 1704 1188 1736 7.
1211 1703 1332 1745 ibique
1360 1703 1478 1744 Beyn.
1583 1697 1587 1700 ’

1075 1804 1131 1837 43.
1164 1802 1269 1837 conf.
1297 1802 1400 1835 Pont.
1422 1802 1461 1844 1,
1493 1800 1538 1842 6,
1567 1798 1623 1832 25.
1652 1804 1767 1840 seqq„

1033 1861 1142 1894 Trist.
1164 1859 1216 1901 V,
1246 1859 1292 1901 2,
1321 1858 1376 1890 33.
1404 1857 1442 1888 et
1463 1854 1536 1887 vid.
1558 1855 1635 1887 not.
1658 1853 1710 1885 ad
1734 1854 1769 1894 1,

1034 1917 1071 1958 2,
1085 1916 1139 1948 99.
1152 1931 1195 1937 ——
1209 1915 1285 1946 Pal.
1298 1913 1328 1945 1.
1339 1910 1492 1944 missam
1508 1916 1681 1952 sperare.
1720 1908 1768 1941 V.

1036 1973 1090 2005 44.
1113 1970 1231 2004 Pal.1.
1251 1971 1288 2002 et
1309 1976 1400 2000 unus
1419 1972 1502 1998 cum
1518 1973 1594 1996 non
1611 1962 1664 1995 sit
1680 1963 1765 1995 cul-

1034 2035 1119 2068 pae.
1167 2027 1291 2065 Crem,
1314 2024 1464 2062 Bersm.,
1485 2021 1590 2052 Bern.
1615 2022 1653 2051 et
1677 2019 1770 2051 VIII

1038 2082 1101 2113 alii
1123 2081 1219 2121 apud
1249 2079 1371 2111 Heius.
1404 2078 1442 2109 et
1469 2076 1559 2108 vett.
1582 2075 1661 2107 edd.
1684 2081 1770 2106 cum

1038 2145 1113 2168 non
1135 2134 1188 2167 sit
1210 2141 1365 2175 poenae.
1551 2130 1554 2132 “

1084 2233 1139 2266 45.
1163 2230 1427 2265 Pessumdare.
1467 2228 1657 2272 Significat
1679 2232 1779 2259 cona

1040 2289 1258 2330 inraciones,
1290 2295 1378 2330 quas
1406 2284 1620 2327 permultas
1642 2281 1773 2323 Anqu-

1042 2345 1125 2377 stus
1147 2341 1291 2376 deteoeit
1313 2343 1425 2384 atque
1448 2337 1648 2382 oppressit.
1671 2337 1773 2371 Suet.

1044 2401 1124 2434 Oct.
1147 2408 1179 2432 o.
1204 2399 1257 2431 19.
1301 2397 1384 2430 Vid.
1407 2397 1454 2429 ad
1475 2396 1526 2438 11,
1548 2393 1602 2427 ³1.
1616 2392 1772 2424 —Ponn

1046 2457 1097 2498 11,
1121 2455 1159 2497 2,
1182 2453 1236 2486 11.

1110 2539 1175 2568 Nec
1207 2546 1275 2573 nos,
1309 2536 1459 2567 Enceladi
1494 2531 1644 2563 dementia
1660 2530 1775 2559 'castra

1442 2578 1551 2613 secuti,

1162 2627 1198 2657 In
1221 2635 1323 2657 rerum
1353 2625 1489 2655 dominos
1515 2620 1663 2650 movimus
1691 2625 1776 2647 arma

1444 2668 1528 2696 deos.

1046 2745 1129 2788 Bel.
1150 2760 1219 2784 προ
1239 2749 1341 2783 mihi.
1391 2745 1511 2794 Berol.
1543 2741 1681 2794 cuneta
1699 2748 1774 2782 pa-
1839 2727 1841 2732 ⁴

1047 2809 1208 2841 rentum.
1259 2807 1304 2839 V.
1336 2805 1391 2838 46.
1419 2801 1500 2836 nel.
1534 2806 1604 2842 pro
1639 2806 1674 2830 v.
1702 2804 1775 2830 scr.

1048 2863 1258 2908 Anqustum
1278 2859 1404 2902 caput.
