1846 3146
250 178 351 230 334

506 179 564 229 Ρ.
600 178 826 230 OVIDII
859 177 1175 245 NASONIS
1209 178 1550 233 TRISTIUM

249 301 475 352 Palladis
509 301 738 368 exemplo
772 301 836 351 de
870 318 945 352 mc
975 305 1085 352 sine
1118 308 1270 352 matre
1305 309 1472 354 creata

317 383 545 435 Carmina
577 390 715 434 sunt:
750 388 899 453 stirps
918 377 1055 436 'haec
1087 390 1450 454 progeniesque
1481 402 1600 437 mea.

248 469 393 518 Hanc
425 468 513 518 tibi
549 468 847 530 commendO,
885 485 1023 535 quae,
1061 487 1156 536 quo
1189 473 1343 536 magis
1366 470 1487 521 orba
1505 476 1707 538 parente

1106 558 1196 614 est,
1707 555 1774 604 15

315 636 429 686 Hoc
462 635 552 683 tibi
582 635 732 684 tutori
766 637 960 684 sarcina
992 638 1145 685 maior
1179 637 1285 685 erit.

249 719 378 768 Tres
413 718 526 767 mihi
558 715 818 778 sunthati,
855 721 1084 783 contagia
1116 725 1284 768 nostra
1317 721 1499 781 secuti3

316 800 499 852 Cetera
531 801 614 850 fac
648 816 795 850 curae
830 803 894 849 sit
927 802 1016 851 tibi
1048 802 1188 852 turba
1220 802 1394 868 palam.

248 885 376 937 Sunt
412 900 604 950 quoque
636 888 845 933 mutatae
879 889 956 933 ter
990 887 1198 950 quinque
1231 885 1481 935 volumina
1513 885 1714 949 formae,
1771 881 1783 889 ’

280 1023 285 1026 Δ
315 966 544 1018 Carmina
579 966 643 1015 de
678 966 858 1016 domini
891 967 1065 1017 funere
1099 973 1238 1035 rapta
1271 971 1361 1018 sui.

1707 971 1774 1020 20

244 1050 381 1101 Illud
415 1067 537 1117 opus
571 1052 744 1118 potuit,
780 1052 823 1099 si
857 1067 954 1100 non
988 1055 1124 1118 prius
1156 1054 1266 1118 ipse
1297 1053 1548 1118 perissem,

315 1133 515 1185 Certius
550 1150 580 1182 a
613 1134 794 1182 summa
826 1149 1001 1183 nomen
1033 1134 1214 1184 habere
1248 1151 1402 1184 manu.

243 1218 394 1268 Nunc
426 1219 751 1266 incorrectum
783 1217 955 1284 populi
987 1220 1213 1283 pervenit
1245 1219 1296 1266 in
1316 1222 1434 1278 ora,

309 1301 368 1350 In
400 1299 572 1367 populi
606 1301 859 1365 quicquam
892 1302 937 1348 si
968 1305 1128 1349 tamen
1162 1315 1248 1349 ore
1282 1301 1376 1349 mei
1410 1304 1499 1349 est.

243 1453 365 1486 Guelf.
389 1453 427 1485 et
448 1451 577 1484 Dresd.
600 1434 727 1491 proxv.
745 1458 817 1482 scr.
841 1450 973 1482 extre-

205 1512 209 1515 *
241 1515 335 1550 mas,
365 1508 460 1549 'quod
488 1506 627 1539 induxit
655 1506 831 1539 Heinsius.
877 1508 972 1540 Sen-

241 1564 378 1597 tentiae
411 1564 544 1596 natura
580 1562 734 1603 requirit
772 1563 972 1607 notionem,

241 1627 333 1660 quae
365 1619 484 1651 domui
520 1620 557 1651 et
586 1619 729 1660 patriae
762 1620 972 1663 opponitur,

241 1676 279 1707 et
307 1675 401 1706 hanc
431 1675 595 1707 continet
627 1675 809 1714 scriptura
841 1676 971 1707 exter-

239 1737 322 1761 nas.
386 1729 484 1762 Nihil
512 1731 623 1771 igitur
653 1730 850 1762 mutatione
881 1741 971 1772 opus

240 1786 331 1817 erat.
367 1784 620 1826 corruperunt
634 1787 860 1826 grammatici
876 1789 972 1820 scri-

238 1843 399 1884 pturam,
423 1842 518 1882 quod
540 1842 721 1873 Nasonem
744 1842 780 1874 in
802 1844 974 1876 extremis

240 1897 316 1928 oris
335 1897 505 1928 exsulare
529 1898 565 1928 et
588 1897 657 1928 hoc
681 1905 761 1929 eum
781 1907 892 1939 usque
907 1907 972 1931 re-

239 1953 369 1993 petere
403 1954 511 1992 atque
548 1960 683 1992 urgere
708 1954 969 1987 meminissent.

239 2008 345 2042 Conf.
368 2009 456 2040 Met.
481 2008 548 2048 IX,
575 2007 627 2039 19.

283 2074 337 2106 13.
371 2073 558 2106 Palladis.
622 2073 745 2105 Pallas
789 2076 969 2108 Graecum

236 2138 368 2163 nomen
404 2130 587 2170 poeticum
622 2130 699 2161 eius
729 2130 841 2172 deae,
878 2138 969 2171 quae

237 2184 376 2219 Latinis
407 2186 586 2218 Minerva.
638 2185 722 2218 Fuit
753 2188 871 2217 autem
895 2186 969 2219 Mi-

236 2250 355 2274 nerva
383 2241 459 2274 filia
491 2242 605 2283 Iovis,
635 2248 727 2282 quae
757 2243 872 2280 (Fast.
901 2244 967 2285 111,

236 2297 312 2331 841.
395 2293 397 2298 ’

301 2299 335 2372 .-).
351 2366 386 2371 .-
401 2366 436 2372 -
450 2366 484 2371 -
501 2349 538 2378 de
563 2348 678 2383 capitis'
695 2347 791 2377 fertur
809 2349 875 2378 sine
900 2358 966 2379 ma-

517 2396 563 2421 tre
582 2392 700 2428 paterni

351 2439 474 2469 Vertice
497 2446 564 2467 cum
584 2438 690 2473 clypeo
709 2437 751 2470 (q.
770 2444 793 2462 e.
809 2444 863 2471 pro
877 2436 967 2471 plena

516 2483 682 2516 armatura)
703 2480 881 2516 prosiluisse
900 2488 964 2509 suo.

234 2530 515 2582 vid-'Apolloni
538 2542 565 2573 1.
590 2549 620 2573 c.
645 2542 675 2573 3.
700 2540 817 2581 ibique
835 2540 966 2582 nem,

233 2598 335 2630 Hom.
367 2597 410 2629 11.
442 2598 484 2639 1,
518 2597 620 2638 202„
653 2596 737 2633 Hes.
767 2596 903 2636 Theog.
931 2605 965 2628 v.

233 2653 310 2686 885.
340 2661 439 2694 seqq.
496 2653 600 2689 Cous.
630 2653 738 2686 Trist.
769 2653 808 2693 1,
839 2652 875 2694 2,
901 2651 968 2693 10.,

234 2710 287 2751 11,
309 2708 386 2740 293.

278 2775 332 2808 14.
366 2775 514 2817 Franc„
536 2774 653 2817 Leid.,
675 2776 727 2807 XI
749 2774 812 2807 alii
829 2774 967 2816 Heius„

233 2831 355 2866 Guelf.
369 2852 382 2873 ,
412 2832 534 2873 Rern„
567 2833 668 2873 seg„
692 2831 771 2863 Rel.
795 2839 878 2862 mea
901 2829 966 2861 est.

232 2886 375 2929 Reliqui
400 2894 480 2919 cum
503 2888 592 2919 vett.
612 2887 690 2918 edd.
710 2886 766 2918 est
783 2886 966 2926 omittunt,

1040 1451 1134 1492 quod
1154 1442 1262 1483 etiam
1278 1453 1432 1492 propter
1449 1453 1672 1493 praecedens
1683 1454 1772 1487 sunt

1037 1507 1176 1539 rectius
1199 1508 1312 1540 abest.
1358 1507 1470 1550 BusL,
1492 1508 1592 1540 Leid.
1616 1510 1654 1541 et
1676 1509 1770 1542 alius

1038 1562 1162 1595 Heius.
1185 1561 1267 1594 mei.

1083 1639 1135 1672 15.
1172 1638 1275 1671 Orba
1304 1640 1466 1681 parente
1487 1640 1554 1672 est.
1608 1639 1712 1674 Conf.
1736 1643 1768 1685 1,

1038 1697 1073 1738 7,
1098 1697 1150 1728 35.
1173 1711 1217 1719 -
1240 1696 1370 1729 Omnes
1389 1697 1541 1739 Heinsii,
1555 1700 1704 1737 praeter
1718 1699 1768 1741 V,

1036 1751 1121 1783 item
1146 1752 1282 1794 Guelf„
1306 1754 1343 1784 et
1364 1751 1482 1784 nostri
1505 1759 1642 1794 omnes,
1657 1760 1768 1792 prae—

1042 1809 1100 1838 ter
1121 1807 1258 1850 Berol.,
1282 1816 1363 1840 cum
1385 1810 1475 1841 vett.
1499 1808 1579 1840 edd.
1603 1809 1767 1842 omnibus

1039 1863 1201 1903 parente
1225 1863 1290 1896 est.

1085 1939 1137 1971 17.
1159 1940 1266 1974 Nati.
1305 1939 1419 1984 Quam
1432 1943 1516 1982 post
1525 1943 1673 1976 verbum
1686 1941 1770 1975 nats·

1037 1995 1241 2028 induximus
1263 1997 1587 2038 interpunctionem
1607 1998 1768 2038 postulat

1035 2051 1111 2083 loci
1146 2053 1252 2085 ratio.
1311 2051 1458 2085 Merkel
1485 2052 1555 2084 hoc
1587 2052 1766 2085 distichon

1035 2107 1090 2139 sic
1113 2107 1353 2148 interpunxit:

1101 2164 1175 2192 Tres
1201 2164 1273 2191 mihi
1295 2168 1366 2193 sunt
1394 2166 1457 2193 nati
1490 2165 1630 2201 contagia
1660 2169 1764 2195 nostra

1431 2211 1546 2246 secuti;

1148 2253 1258 2283 Cetera
1282 2253 1341 2288 fac,
1366 2262 1455 2283 curae
1474 2255 1514 2283 sit
1531 2253 1587 2282 tibi
1604 2255 1691 2283 turba
1707 2261 1764 2290 pa-

1429 2298 1500 2326 lam.

1079 2348 1232 2392 Contay.
1245 2351 1381 2383 nostra
1401 2350 1530 2393 secuti,
1541 2359 1678 2384 mecum
1696 2353 1763 2384 da-

1033 2407 1153 2439 mnati.
1198 2407 1280 2439 Vid.
1305 2408 1337 2449 Ι,
1367 2406 1402 2448 1,
1427 2407 1500 2440 111.
1524 2410 1561 2440 et
1582 2408 1676 2440 conf.
1693 2408 1764 2450 111,

1017 2462 1070 2505 ·1‚
1094 2464 1148 2496 65.
1171 2479 1215 2485 —
1238 2463 1333 2495 Gall.
1353 2461 1514 2504 fratres.

1077 2539 1129 2572 18.
1165 2538 1498 2572 Cetera—turba.
1557 2519 1643 2572 Vid.
1659 2539 1705 2570 ad
1728 2539 1763 2580 1,
1818 2552 1819 2559 1

1037 2595 1072 2639 1,
1097 2596 1171 2629 109.
1217 2597 1317 2630 Rich.
1340 2594 1427 2629 sint.

1081 2674 1133 2706 19.
1162 2674 1259 2707 sunt
1281 2681 1434 2716 quoque.
1480 2669 1762 2714 oouf.1,1,117.
1816 2660 1846 2702 ’ἶ

1035 2730 1072 2761 et
1094 2730 1126 2772 ι,
1150 2730 1180 2761 7.
1516 2739 1518 2742 >
1738 2727 1741 2735 ’-

1077 2808 1132 2839 2⁰.
1167 2805 1271 2840 eonf.
1295 2808 1327 2849 1,
1350 2806 1387 2847 7,
1411 2805 1464 2838 38.

1076 2883 1130 2916 23.
1166 2883 1449 2923 Incorrectum,
1478 2889 1502 2914 a
1525 2881 1694 2922 Nasone,
1722 2881 1762 2912 ut
