1846 3146
215 261 246 309 6
693 261 1238 313 PROLEGOMENA.

389 372 514 418 Editus
537 384 594 416 hio
617 382 840 426 (Sulmone)
864 393 934 427 ego
956 394 1049 429 sum,
1071 394 1140 418 nec
1163 393 1236 419 non
1259 389 1298 419 ut
1325 390 1490 428 tempora
1511 387 1625 430 noris,

431 439 518 472 Cum
541 440 672 472 cecidit
693 440 771 472 fato
794 442 921 473 consul
944 442 1095 482 uterque
1116 443 1207 483 pari.

214 527 262 569 In
300 539 381 581 quo
422 528 607 568 carmine
644 529 791 569 consul
833 534 1010 582 uterque
1050 528 1311 583 intelligendi
1347 535 1447 570 sunt
1483 530 1647 571 Hirtius
1689 530 1733 570 e't

211 596 382 653 Pansa,
415 600 484 652 qui
519 600 562 640 in
591 600 700 639 bello
723 606 767 640 et
793 600 951 654 proelio
980 601 1212 641 Mutinensi
1241 606 1388 641 contra
1415 602 1476 641 M.
1504 602 1732 642 Antonium

210 671 446 723 perierunt:
493 672 603 711 alter
640 674 751 711 enim
778 671 972 722 Hirtius,
1015 678 1061 716 ut
1096 663 1222 717 tradit
1260 673 1451 714 Velleius
1479 673 1731 714 Paterculus

209 742 261 783 ΙΙ.
292 755 327 784 c.
357 743 440 799 61„
471 746 519 783 in
547 746 641 795 ipsa
669 746 773 794 acie,
804 744 914 783 alter
936 749 1034 796 post
1053 758 1216 796 paucos
1234 746 1325 784 dies
1341 759 1399 785 ex
1418 746 1596 785 vulnere
1613 759 1729 785 mor-

209 819 291 854 tem
307 815 419 856 obiz't.
476 815 563 857 Vid
594 816 728 857 Tacit.
757 815 910 856 Annal.
947 816 978 855 I.
1019 829 1054 857 c.
1093 815 1157 856 10.
1195 821 1238 856 et
1265 817 1347 856 Dio
1376 816 1531 859 XLVI.
1565 831 1606 871 p.
1634 815 1729 858 317.

209 886 341 939 quue
371 887 530 927 sactum
561 894 630 928 est
657 901 695 928 a.
725 887 775 928 U.
808 886 856 928 C.
885 886 1081 928 DCCXI.
1188 891 1191 899 '

317 959 387 999 Ac
415 972 608 1000 mensem
637 972 802 1013 quoque
831 972 884 999 ac
914 958 1039 1014 diem,
1072 971 1153 1011 quo
1182 964 1308 1001 natus
1332 959 1405 1014 sit,
1434 960 1529 1014 ipse
1557 959 1724 1002 indica-

208 1030 288 1085 vit,
319 1030 444 1071 Trist.
474 1033 553 1087 IV,
586 1032 653 1087 10,
684 1033 784 1074 9—
806 1032 868 1074 14.

384 1142 463 1175 Nec
484 1143 594 1184 stirps
617 1144 734 1184 prima
755 1143 823 1186 fui,
845 1137 969 1184 genito
992 1150 1069 1174 sum
1092 1142 1209 1174 fratre
1233 1144 1393 1184 creatus,

429 1196 499 1240 Qui
522 1199 635 1231 tribus
659 1202 744 1231 aute
768 1201 897 1240 quater
918 1199 1098 1231 mensibus
1122 1200 1225 1230 ortus
1247 1199 1339 1230 erat.

385 1254 536 1288 Lucifer
558 1254 743 1286 amborum
766 1255 949 1287 natalibus
972 1254 1075 1286 affuit
1095 1253 1209 1294 idem3

428 1311 508 1343 Una
531 1309 719 1342 celebrata
741 1312 796 1341 est
818 1318 885 1350 per
907 1311 976 1343 duo
999 1310 1074 1342 liba
1097 1309 1184 1341 dies.

384 1367 485 1400 Haec
508 1367 564 1398 est
586 1364 779 1397 armiferae
800 1365 903 1397 festis
927 1367 971 1397 de
997 1365 1149 1406 qumque
1170 1363 1377 1406 Minervae,

429 1419 531 1464 Quae
552 1420 633 1454 fieri
654 1428 776 1463 pugna
798 1420 914 1461 prIma
938 1422 1090 1453 cruenta
1110 1421 1218 1452 solet.
1241 1435 1285 1441 —-

206 1518 338 1571 Nam,
368 1516 481 1571 quod
507 1517 547 1557 h.
575 1518 600 1558 l.
629 1518 894 1571 significatur
924 1518 1081 1558 festum
1101 1517 1341 1571 Minervae,
1373 1515 1473 1556 illud
1501 1523 1584 1572 est,
1616 1518 1728 1572 quod

206 1602 361 1630 nomen
388 1589 574 1630 habebat
602 1592 889 1642 quinquatrus
916 1590 1012 1630 sive
1028 1591 1346 1648 ⁴quinquatria,
1378 1588 1475 1642 quia
1504 1591 1727 1642 quotannis

206 1674 283 1717 per
311 1661 493 1718 quinque
522 1659 615 1702 dies
644 1662 865 1702 continuos
894 1662 1198 1702 celebrabatur.
1254 1660 1375 1701 Fast.
1402 1660 1478 1715 ΠΙ,
1508 1661 1603 1703 809.

385 1783 724 1794 .......
769 1761 859 1793 fiunt
879 1768 988 1793 sacra
1011 1760 1218 1802 Minervae,

428 1814 649 1857 Nominaque
671 1824 695 1848 a
717 1815 846 1849 iunctis
870 1817 1024 1858 quinque
1047 1816 1171 1848 diebus
1194 1815 1336 1849 habent.

208 1901 306 1944 Vid.
345 1902 402 1944 ibi
438 1903 705 1957 interpretes.
775 1905 923 1958 anue
960 1917 1087 1945 sacra
1124 1904 1241 1944 XIV.
1279 1903 1371 1945 Cal.
1407 1903 1538 1957 April.
1578 1902 1726 1956 (xlx.

207 1973 359 2027 Mart.)
388 1974 657 2029 incipiebant.
713 1975 810 2017 Vid.
838 1976 958 2017 Fast.
987 1976 1013 2015 l.
1041 1976 1066 2015 l.
1097 1981 1140 2015 et
1166 1975 1223 2015 ibi
1239 1975 1504 2029 interpretes.
1560 1976 1727 2018 Kalen-

209 2045 299 2089 dar.
344 2043 512 2087 Gruter.
557 2060 598 2100 p.
629 2046 865 2088 CXXXIII.
904 2046 1028 2087 Conf.
1052 2047 1175 2087 Varr.
1204 2047 1235 2085 I.
1266 2059 1302 2087 c.
1329 2045 1369 2086 5.
1399 2052 1444 2087 et
1464 2045 1574 2087 Gell.
1596 2048 1726 2088 Noct.

206 2119 296 2160 Att.
324 2119 378 2161 ΙΙ.
408 2130 445 2159 c.
473 2118 541 2159 21.
599 2118 731 2159 Cuius
760 2118 860 2158 festi
888 2119 1046 2171 primus
1075 2119 1166 2157 dies
1191 2130 1285 2157 cum
1309 2121 1520 2168 sanquine
1539 2123 1723 2181 vacaret,

207 2196 255 2233 ut
283 2192 377 2244 ipse
406 2195 554 2231 auctor
583 2195 651 2230 est
678 2190 798 2230 Fast.
826 2190 901 2244 111,
931 2189 1025 2230 811.
1041 2219 1055 2244 ,
1100 2194 1277 2243 quatuor
1303 2195 1445 2231 autem
1472 2191 1620 2245 reliqui
1643 2204 1727 2245 pu-
1799 2190 1803 2195 '
1830 2219 1833 2227 .

209 2263 308 2318 gnis
337 2261 600 2317 gladiatoriis
625 2267 854 2316 agerentur
884 2261 1026 2314 (Fast.
1045 2261 1121 2315 ΙΠ,
1150 2259 1245 2301 813.

387 2362 517 2397 Altera
540 2360 665 2403 (dies)
689 2363 834 2403 tresque
855 2369 966 2403 super
987 2363 1106 2394 strata
1128 2361 1361 2394 celebrantur
1383 2362 1529 2403 arena),

210 2456 254 2492 et
283 2463 333 2492 se
361 2451 457 2491 loco
485 2450 554 2489 illo
583 2450 707 2491 Trist.
734 2450 813 2505 IV,
846 2449 911 2490 10.
939 2449 1074 2503 prima
1104 2447 1157 2488 de
1184 2449 1237 2488 iis
1277 2447 1446 2503 diebus,
1487 2459 1597 2502 quae
1625 2448 1723 2502 gla-

210 2521 397 2563 diatoriis
424 2522 665 2563 muneribus
681 2523 999 2576 illustrarentur,
1030 2527 1174 2561 natum
1195 2519 1323 2575 dicat,
1353 2518 1507 2574 liquido
1525 2525 1718 2574 apparet,

210 2595 343 2635 altera
372 2606 468 2634 eum
497 2594 816 2649 quinquatruum
845 2593 929 2648 die,
961 2606 998 2634 a.
1028 2592 1066 2633 d.
1094 2592 1207 2633 XIII.
1224 2591 1317 2633 Cal.
1337 2592 1484 2646 April„
1514 2592 1558 2631 in
1583 2592 1722 2632 lucem

211 2665 369 2707 editum
398 2659 511 2706 ess‘e.

321 2747 500 2789 Ovidius
520 2748 646 2802 igitur
661 2749 702 2788 in
719 2748 910 2789 exsilium
927 2746 1145 2800 profectus
1162 2753 1231 2788 est
1253 2759 1291 2787 a.
1305 2747 1356 2788 U.
1378 2745 1428 2789 C.
1450 2743 1719 2799 DCCLXIL,
1736 2783 1765 2802 „.

211 2818 262 2861 G.
290 2820 493 2874 Poppaeo
523 2820 698 2875 Sabino,
729 2819 779 2871 Q.
810 2819 997 2873 Sulpicio
1026 2817 1251 2860 Camerino
1282 2813 1408 2859 Coss.
1418 2846 1434 2873 ,
1464 2822 1564 2871 post
1593 2816 1721 2858 Chri-

210 2897 322 2933 stum
359 2897 502 2934 natum
530 2892 620 2947 IX„
651 2904 785 2933 annos
814 2897 938 2933 natus
966 2891 1023 2931 LI
1052 2896 1096 2931 et
1123 2891 1225 2933 VIII
1253 2890 1420 2932 circiter
1445 2887 1632 2930 me'nses.
