1846 3146
183 140 248 187 42

423 137 481 187 P.
518 137 741 189 ovum
776 139 1092 194 NASONIS
1127 128 1470 198 Tmsrs'uM

182 260 337 309 Plura
370 260 565 325 quidem
597 261 828 311 mandare
862 264 965 326 tibi,
1000 269 1044 315 si
1073 267 1283 332 quamde,
1317 268 1575 331 habebam

250 341 359 393 Sed
393 358 575 393 vereor
606 344 780 394 tardae
813 361 964 396 causa
995 349 1152 399 fuisse
1186 367 1372 412 morae3
1420 390 1436 404 .

176 426 251 489 Et
283 428 351 488 si,
388 442 512 491 quae
543 427 768 489 subeunt,
804 434 979 492 tecum,
1013 432 1157 494 liber,
1194 437 1352 484 omnia
1385 412 1560 496 ferree,
1613 437 1713 525 125

249 508 461 559 Sareina
491 509 653 559 laturo
687 527 862 577 magua
895 513 1087 564 futurus
1122 531 1249 566 eras.

181 592 360 658 Longa
391 595 481 642 via‘
511 599 613 642 est.
648 610 873 662 propera.

915 597 994 646 N
995 598 1102 647 obls
1135 599 1430 651 habitabitur
1463 603 1598 653 orbis

248 676 476 736 Ultimus,
513 693 543 725 a
575 681 708 727 terra
741 684 874 728 terra
906 686 1091 731 remota
1122 684 1257 733 mea!

230 811 305 843 123.
329 806 458 842 Habeo
479 810 677 844 mandare.
720 813 916 855 Utrumque

185 866 335 899 dicitur:
375 865 491 899 habeo
519 867 705 901 mandare
746 870 784 901 et
818 870 920 911 qaod

184 921 366 954 mandem.
412 921 515 963 Virg.
546 924 590 955 A.
621 923 673 966 V,
702 924 778 956 262.
800 923 918 956 habeo

184 976 292 1008 dare.
322 977 400 1009 Pal.
418 977 463 1019 1.,
477 979 574 1011 Mor.
590 980 628 1011 et
641 988 697 1020 pr.
721 981 777 1012 ed.
793 980 917 1013 Heius.

181 1033 366 1065 mandare
388 1032 500 1066 liber.

228 1119 304 1152 124.
333 1120 479 1156 Vereor
498 1123 530 1157 si
561 1124 644 1157 fere
672 1127 730 1158 est
751 1133 820 1166 pro
841 1133 917 1165 pu-

183 1175 248 1207 det
282 1177 345 1210 vel
381 1178 540 1220 horreO,
592 1179 770 1212 infinitivo
805 1189 918 1221 saepe

184 1230 356 1272 iungitur.
425 1234 531 1277 Virg.
579 1235 715 1278 Georg.
757 1237 796 1278 Ι,
839 1236 917 1269 246.

186 1286 272 1319 Her.
295 1288 397 1331 XVI,
421 1290 475 1322 75.

249 1362 380 1391 Vincere
411 1366 499 1391 erant
524 1371 628 1393 omnes
658 1365 763 1399 (deae)
795 1365 916 1401 dignae,

579 1408 731 1445 iudexque
748 1412 887 1446 verebar,

296 1451 362 1480 Non
392 1457 506 1482 omnes·
525 1461 645 1482 causam
675 1454 799 1483 vincere
826 1462 917 1491 posse

582 1504 678 1527 suam.

182 1566 260 1597 Put.
285 1573 309 1597 a
332 1566 361 1598 1.
386 1575 430 1598 m.
455 1566 596 1599 damna
614 1566 747 1610 fuisse.
771 1570 848 1603 Pol.
869 1570 917 1613 1.‚

183 1621 268 1653 Vat.
294 1620 339 1662 1.,
363 1621 480 1665 nott,
503 1623 609 1656 Serv.
624 1625 662 1656 et
676 1625 796 1658 Guelf.
820 1624 917 1658 viae.

182 1677 263 1721 Re!-
303 1684 326 1708 a
357 1676 386 1708 1.
417 1685 463 1710 m.
494 1686 614 1711 causa
645 1679 797 1713 sitista
834 1689 917 1713 mo-

181 1741 262 1764 rae.

229 1823 305 1855 125.
344 1821 399 1855 Et
425 1823 470 1855 εἰ.
515 1825 618 1858 Male
659 1824 827 1858 Heinsius
872 1833 919 1859 ex

183 1879 289 1910 Hafn.
303 1879 339 1910 et
350 1887 421 1911 uno
435 1881 568 1912 Medic.
592 1879 745 1912 novavit
762 1879 917 1922 quodsi,

183 1935 279 1974 quod
302 1934 409 1966 etiam
432 1935 578 1977 Dresd.,
601 1935 710 1967 Bern.
734 1938 770 1967 et
785 1937 916 1968 Franc.

182 1990 326 2022 habent.
372 1991 471 2023 vett.
506 1991 586 2022 edd.
608 1993 757 2031 praeter
779 1991 916 2022 Bonon.

183 2046 220 2076 et
242 2045 335 2078 haud
358 2046 465 2078 dubie
488 2045 596 2078 etiam
624 2046 752 2086 plures
781 2046 920 2080 Heinsii

182 2100 250 2133 sed
270 2098 313 2132 si.
351 2103 513 2142 Uterque
526 2099 620 2142 Pal„
643 2100 765 2144 Goth„
781 2102 918 2145 Guelf.,

183 2156 280 2198 Rei„
303 2157 410 2199 seg,
443 2155 582 2199 Berol.,
613 2155 722 2189 Crev.
753 2158 792 2189 et
820 2158 917 2189 Busl.

183 2219 263 2246 cum
286 2211 449 2253 plurimis
472 2210 611 2244 Heinsii
635 2212 673 2242 et
687 2211 743 2242 ed.
760 2212 919 2245 Bonum:

184 2266 221 2297 et
254 2265 298 2297 si.
339 2267 492 2309 Optime.
553 2268 635 2300 Duo
672 2265 757 2299 dicit
792 2271 919 2310 poeta,

184 2330 335 2362 quorum
381 2331 512 2355 caussa
553 2323 683 2366 plura,
740 2325 919 2357 ulteriora

184 2379 357 2410 mandare
380 2379 583 2421 abstineat3
605 2379 678 2412 sie:
708 2379 835 2412 Plura
858 2403 867 2411 .
884 2402 893 2410 .
909 2403 918 2410 .

184 2431 375 2475 habebam,
398 2435 464 2466 sed
487 2435 676 2476 (primum)
702 2442 851 2476 vereor,
873 2442 920 2466 ne

186 2488 221 2519 te
242 2486 397 2529 morer}
423 2490 460 2521 et
487 2489 647 2528 (accedit
677 2492 794 2531 quod)
818 2489 852 2522 si
875 2499 918 2523 o-

186 2543 289 2575 mnia
309 2544 459 2586 ferres)
490 2544 542 2587 ei,
559 2563 563 2568 =
578 2544 642 2587 qai
672 2545 709 2577 te
727 2545 920 2586 portaret,

187 2607 326 2640 maana
347 2599 506 2632 sarcina
526 2599 686 2642 futuras
713 2609 803 2633 eras
824 2601 920 2639 (sive

183 2655 318 2697 sores).
365 2654 587 2698 Quamquam
624 2658 670 2689 ad
705 2656 919 2688 sententiam

186 2711 278 2744 ferri
309 2714 432 2753 potest
455 2712 563 2744 etiam
586 2713 654 2745 sed
675 2711 728 2753 εἰς
754 2714 793 2745 at
812 2720 918 2745 rece-

984 817 1049 856 pta
1070 815 1256 857 scriptura
1282 817 1482 859 Simplicior
1505 821 1542 852 et
1564 812 1716 862 elegah-
1766 829 1769 833 ·
1832 838 1838 842 α

985 871 1057 904 tior
1080 874 1148 905 est.
1192 874 1248 905 De
1269 873 1427 906 subeunt
1454 875 1526 908 vid.
1555 876 1602 908 ad
1624 877 1658 917 1,
1679 876 1716 916 3,

986 926 1016 958 1.
1039 927 1159 959 Berol.
1183 930 1221 960 et
1242 929 1295 962 IV
1315 929 1437 962 Heius.
1460 930 1628 962 subeant.
1651 956 1654 961 ,

1030 1005 1105 1039 126.
1127 1005 1287 1039 Latara.
1318 1007 1423 1050 Vat„
1451 1007 1546 1049 Pol„
1568 1007 1644 1040 Pal.
1667 1008 1716 1050 2.,

985 1062 1112 1104 serv„
1142 1062 1287 1095 Pirckh.
1318 1064 1356 1095 et
1386 1063 1456 1095 duo
1486 1063 1550 1095 alii
1585 1063 1716 1106 latori,

984 1117 1108 1149 nescio
1130 1125 1177 1149 au
1200 1118 1290 1150 satis
1313 1118 1443 1152 Latine
1470 1127 1538 1160 pro
1562 1121 1717 1161 Augusti

983 1172 1146 1204 saeculo.
1170 1171 1318 1205 mes.
1355 1174 1435 1205 Put.
1458 1181 1482 1206 a
1502 1174 1536 1206 2.
1558 1183 1602 1207 m.
1627 1173 1732 1210 eris„

1030 1250 1105 1283 127.
1128 1249 1387 1294 Habitabitur,
1403 1252 1440 1284 in
1454 1252 1599 1286 futuro:
1621 1262 1717 1287 non-

985 1306 1065 1337 dum
1090 1305 1328 1347 enin1,·quum
1351 1307 1442 1339 haec
1463 1308 1658 1351 scriberet,
1679 1310 1717 1342 in

984 1360 1171 1401 Scythiam
1195 1364 1431 1402 pervenerat.
1476 1363 1560 1396 Vid.
1587 1363 1717 1407 Arqu-

982 1418 1095 1449 ment.
1113 1433 1155 1439 —
1181 1416 1292 1450 Orbis
1314 1417 1488 1460 ultimus,
1509 1427 1562 1451 sc.
1585 1420 1717 1452 Tomos

983 1471 1019 1504 in
1042 1474 1175 1515 Ponto,
1199 1481 1269 1513 quo
1293 1474 1375 1505 erat
1396 1473 1599 1516 relegatus,
1622 1475 1717 1515 quod

985 1528 1151 1569 oppidum
1173 1528 1269 1560 haud
1297 1528 1430 1569 procul
1466 1528 1512 1561 ab
1539 1530 1626 1562 Istri
1647 1531 1717 1562 flu-

983 1584 1088 1616 minis
1121 1584 1223 1617 ostiis
1253 1583 1361 1615 situm
1391 1586 1472 1616 erat
1501 1585 1550 1626 (Ι,
1580 1585 1617 1626 2,
1644 1585 1718 1627 85.,

984 1641 1016 1681 1,
1040 1640 1076 1681 3,
1098 1640 1176 1681 83„
1207 1641 1264 1681 11,
1294 1637 1391 1681 189„
1421 1640 1489 1682 111,
1517 1640 1718 1682 9.),10nge
1785 1677 1789 1682 Ἰ
1834 1630 1839 1687 ᾗ

983 1703 1072 1727 sane
1093 1695 1140 1727 ab
1162 1695 1262 1728 Urbe
1291 1697 1330 1727 et
1351 1694 1480 1738 Italia3
1509 1697 1575 1728 sed
1605 1698 1719 1738 poeta

983 1758 1052 1782 suo
1083 1748 1164 1782 iure
1185 1751 1224 1782 et
1252 1758 1355 1783 more
1384 1753 1597 1793 exaggerat.
1633 1752 1716 1797 Vid.
1750 1780 1757 1787 .

984 1807 1052 1848 111,
1076 1806 1112 1847 3,
1135 1806 1182 1847 3.,
1203 1807 1272 1847 111,
1294 1805 1331 1848 4,
1355 1805 1426 1849 51„
1447 1807 1516 1850 IV,
1539 1807 1576 1849 9,
1599 1807 1648 1850 9.,
1665 1806 1717 1850 V,

985 1861 1022 1903 2,
1046 1861 1099 1894 31.
1140 1861 1243 1894 Pont.
1267 1863 1316 1904 11,
1339 1862 1376 1905 7,
1399 1862 1454 1894 66.

1050 1926 1163 1955 Ultima
1181 1933 1229 1953 me
1247 1926 1350 1961 tellus,
1367 1925 1492 1954 ultimus
1517 1925 1600 1954 orbis
1615 1914 1716 1953 habet.

1030 1991 1106 2024 128.
1154 1990 1357 2024 Consti-ue:
1406 1987 1567 2022 Ultimus
1603 1986 1718 2030 orbis,

986 2047 1097 2078 terra
1119 2053 1145 2076 a
1167 2045 1278 2078 terra
1299 2053 1413 2085 mea,
1439 2045 1473 2076 h.
1496 2051 1528 2075 e.
1551 2052 1574 2076 a
1596 2044 1719 2085 patrIa

984 2109 1066 2134 mea
1102 2100 1183 2132 sive
1220 2099 1342 2142 Italia,
1372 2099 1533 2131 remota.
1592 2098 1719 2131 Terra

982 2165 1068 2189 mea
1090 2165 1158 2197 pro
1180 2154 1318 2196 patria
1345 2163 1430 2187 mea
1458 2156 1572 2195 poeta
1593 2153 1718 2186 eonsi-

983 2213 1036 2245 lio
1067 2212 1154 2244 dicit
1180 2212 1334 2252 propter
1361 2210 1565 2251 appositum
1596 2209 1717 2242 terra.

984 2269 1194 2302 Unustvat.
1217 2267 1256 2298 et
1277 2266 1384 2299 serv.
1417 2266 1527 2299 terra
1559 2265 1628 2296 tua
1650 2264 1718 2296 est.

985 2326 1050 2358 Ed.
1073 2325 1209 2356 Bonon.
1234 2330 1260 2353 a
1279 2320 1415 2362 patria
1438 2321 1549 2353 terra
1570 2319 1721 2352 remota

984 2389 1080 2414 mea.
1110 2381 1199 2413 Exe.
1223 2378 1333 2410 Voss.
1356 2385 1379 2408 a
1401 2377 1434 2408 2.
1457 2385 1518 2418 m.‚
1541 2377 1589 2416 fr.
1611 2377 1720 2416 Rev-5

986 2438 1105 2479 Busl.,
1135 2433 1305 2475 Pirckh.,
1333 2433 1445 2473 Reg.‚
1479 2432 1584 2473 Put.,
1621 2429 1719 2462 Gall.

985 2494 1069 2534 post
1097 2499 1182 2523 mea
1210 2489 1348 2521 addunt
1377 2488 1450 2529 est,
1490 2496 1561 2528 quo
1594 2485 1719 2517 addito

987 2545 1168 2580 sententia
1191 2543 1340 2586 egregie
1362 2543 1599 2584 pervertitur.
1622 2555 1628 2560 ·
1647 2540 1719 2574 Ce-

987 2604 1104 2634 terum
1135 2599 1318 2641 aptissime
1347 2600 1394 2631 ab
1422 2597 1542 2631 exsilii
1572 2596 1719 2637 longin—

988 2657 1126 2698 quitate
1169 2658 1278 2695 atque
1309 2655 1514 2689 conditione
1542 2661 1611 2685 sua
1633 2661 1718 2685 car-

987 2720 1069 2744 men
1093 2710 1287 2744 concludit-
