1846 3146
176 165 242 214 44
418 162 474 212 P.
512 161 735 213 ovum
768 162 1084 219 NASONIS
1120 131 1464 216 'rmsrmM

176 285 423 335 Mulciber
456 287 506 333 in
540 283 755 346 Troiam,
791 302 881 352 pro
918 286 1072 334 Troia
1105 286 1266 336 stabat
1298 287 1515 354 Apoll03
1672 291 1704 338 5

242 370 420 434 Aequa
452 355 626 417 Venus
659 367 885 429 Teucris,
921 369 1092 418 Pallas
1124 371 1289 434 iniqua
1323 370 1451 420 fuit.

176 450 364 517 Oderat
396 451 605 501 Aenean
638 454 866 518 proprior
899 450 1130 501 Saturnia
1162 452 1360 513 Turn03

241 535 339 583 Ille
369 540 529 583 tamen
561 535 776 584 Veneris
811 537 1003 583 numine
1037 539 1168 584 tutus
1201 541 1321 584 erat.

174 667 265 701 milei
286 667 526 710 irascamini,
558 668 620 701 cui
651 668 730 701 iam
751 678 908 712 maynus

175 727 242 763 (et
274 725 352 766 ipse
383 726 499 762 deus)
532 724 677 756 Caesar
705 724 905 757 irascitur.

171 780 258 812 Vid.
281 782 355 812 not.
381 782 426 811 ad
448 781 505 822 11,'
528 783 582 812 55.
609 781 682 813 140.
728 779 907 822 Subscri-

173 834 264 877 bile,
277 835 558 878 adstipulemini,
571 836 750 877 accedite,
762 835 906 875 favete;

173 890 391 922 vocabulum
417 897 436 920 e
458 889 599 922 iudiciis
620 892 783 922 sumtum.
815 891 906 922 Nam

172 944 204 976 si
245 945 322 984 quis
362 944 515 976 alicuius
557 953 687 977 nomen
729 939 906 986 deferret,

172 1002 323 1040 praeter
353 1007 517 1031 caussam
548 1009 651 1032 suum
675 1009 812 1041 quoque
835 1009 906 1032 no-

171 1063 255 1086 men
278 1056 548 1088 subscribebat:
573 1058 610 1087 et
630 1056 656 1087 ii
681 1059 819 1098 omnes,
842 1055 907 1098 qui

170 1110 362 1152 primario
378 1110 598 1148 accusatori
621 1119 778 1151 operam
797 1121 907 1144 suam

169 1166 468 1208 pollicerentur,
491 1166 759 1207 subscriptores
788 1175 904 1199 voca-

173 1223 314 1255 bantur.
360 1222 554 1263 Aptissime
587 1223 670 1254 huic
697 1223 782 1255 loco
812 1225 903 1265 Nep.

171 1279 247 1314 Att,
262 1287 291 1310 c.
301 1275 340 1319 16.
386 1277 582 1310 Neminem
604 1286 720 1320 neque
741 1288 809 1311 suo
832 1287 904 1311 no-

170 1332 269 1365 mine
291 1341 408 1375 neque
436 1333 674 1366 subscribens
697 1333 903 1366 accusavit.

170 1387 253 1421 Vid.
283 1389 446 1421 Forcell.
476 1390 514 1422 in
535 1391 624 1424 Lex.
633 1412 648 1433 ,
680 1391 843 1430 Gronov.
867 1390 904 1422 in

171 1443 351 1475 Manussa
379 1452 509 1484 pecun.
539 1447 614 1478 vet.
648 1455 683 1486 p.
707 1446 783 1478 433.
828 1447 904 1479 Ea-

171 1499 250 1530 dem
273 1501 454 1532 sententia
476 1500 542 1532 sub
575 1499 649 1532 alia
670 1501 788 1543 figura
809 1501 906 1534 redit

170 1556 238 1598 1V,
263 1555 298 1597 1,
322 1557 376 1587 50.
422 1556 528 1588 Barb.
554 1564 578 1587 a
602 1556 631 1588 1.
655 1564 700 1588 m.
722 1555 904 1588 subsidite

171 1611 296 1644 Comb.
320 1603 558 1643 succumbite.
605 1611 700 1643 Mor.
723 1610 834 1643 iram.

212 1709 245 1738 5.
268 1705 470 1738 Mulciber.
515 1707 591 1739 Iam
603 1706 778 1747 exemplis
802 1713 909 1739 com-

169 1762 302 1802 probat
332 1770 479 1795 versum
509 1762 564 1804 4.,
599 1771 646 1794 ex
676 1763 835 1795 Homero
867 1763 904 1794 et

167 1817 327 1859 Virgilio
351 1818 482 1858 petitis.
529 1816 718 1849 Mulciber
735 1820 791 1850 est
806 1818 902 1850 Vul-

169 1880 296 1913 canus,
319 1872 413 1904 filius
436 1873 534 1905 Iovis
550 1874 586 1904 et
607 1872 757 1905 Iunonis
781 1873 901 1908 (Hom.

167 1927 210 1959 11.
243 1928 281 1969 Ι,
314 1927 414 1970 577.,
443 1928 592 1960 Hesiod.
629 1928 691 1960 Tb.
725 1936 761 1958 v.
793 1927 902 1968 627.),

168 1983 226 2024 qui
252 1991 332 2015 cum
354 1985 472 2014 matre
494 1990 562 2014 sua
583 1982 619 2014 in
634 1981 733 2014 bello
743 1981 901 2013 Troiano

169 2039 300 2070 contra
311 2037 456 2070 Troiam
473 2036 585 2069 stetit.
603 2037 757 2069 Hom.Il.
770 2038 900 2069 XVIII.

167 2095 244 2125 XX.
275 2094 369 2125 XXI.
400 2094 495 2134 Hyg.
525 2093 566 2125 F.
601 2093 656 2125 89.
710 2090 902 2124 Mulciber

167 2151 286 2180 autem
311 2148 426 2180 dictus
450 2146 660 2190 Vulcanus,
685 2148 785 2190 quod
804 2145 902 2188 ignis

166 2202 219 2235 sit
254 2205 292 2236 et
329 2203 455 2236 omnia
489 2203 657 2236 mulceat
686 2212 733 2235 ac
765 2203 900 2244 domet,

167 2262 208 2292 ut
231 2260 283 2292 ait
306 2247 480 2293 Macrobs
494 2260 558 2293 VI.
583 2268 614 2291 c.
638 2261 670 2291 5.
693 2258 778 2290 Vid.
801 2258 900 2290 Fest.

165 2316 202 2347 in
228 2321 269 2348 ν.
321 2315 486 2348 Troiam.
524 2315 608 2348 Vid.
645 2315 692 2346 ad
730 2316 788 2356 II,
826 2313 901 2345 317.

166 2373 259 2414 Iun.,
294 2372 342 2404 fr.
367 2372 458 2403 Rev.
490 2372 527 2403 et
559 2378 651 2402 unus
673 2371 763 2412 Reg.
787 2363 901 2409 Iuy'n'-

167 2427 238 2459 ter.
286 2425 453 2469 Quatuor
474 2424 822 2467 HeinsiiMulcifer.
846 2426 902 2458 A-

165 2484 284 2526 pollo,
309 2484 403 2516 filius
413 2483 512 2515 Iovis
536 2484 572 2515 et
593 2483 760 2514 Latonae
778 2481 899 2519 (Hom.

165 2539 208 2570 11.
232 2540 264 2580 Ι,
288 2539 362 2570 936.
410 2538 516 2571 Conf.
539 2539 603 2570 Tr.
628 2538 696 2579 111,
719 2537 755 2578 2,
779 2537 827 2578 3.,
849 2536 900 2576 V,

168 2593 203 2635 1,
226 2594 315 2635 553,
338 2594 488 2625 favebat
518 2592 684 2626 Troianis
713 2594 750 2624 et
772 2592 901 2623 oderat

165 2647 339 2680 Achivos.
384 2649 426 2680 11.
450 2650 478 2681 1.
502 2649 650 2691 xvm„
673 2649 711 2680 et
735 2647 878 2689 passim.

209 2744 239 2776 6.
263 2742 395 2784 Aequa
419 2742 553 2773 Venus.
599 2742 740 2782 Venus,
764 2741 834 2772 dea
854 2747 897 2771 a-

162 2799 295 2839 moris,
322 2798 399 2830 filia
422 2798 519 2831 Iovis
549 2799 587 2829 et
617 2797 754 2830 Diones
777 2797 897 2833 (Hom.

164 2854 204 2886 11.
224 2855 280 2895 VV,
306 2854 381 2885 370.
407 2853 498 2901 4²3⁰.
530 2852 634 2886 conf.
648 2853 708 2885 Tr.
722 2853 770 2893 11,
787 2851 898 2892 5270,

975 668 1143 702 Troianis
1180 669 1331 702 favebat
1367 670 1519 702 maxime
1555 659 1710 713 propter

974 724 1142 757 iudicium
1172 725 1327 767 Paridis,
1355 724 1394 757 in
1425 735 1494 767 quo
1518 727 1710 759 Minervae

974 783 1012 813 et
1054 781 1183 813 Iunoni
1229 780 1397 820 praelata
1451 781 1729 822 pulcritudinis

974 838 1133 878 palmam
1179 836 1274 867 tulit.
1368 837 1471 868 Hom.
1523 837 1566 870 11.
1623 847 1710 879 pas-

973 892 1062 934 sim,
1094 891 1196 924 Ovid.
1230 886 1316 923 uer.
1349 892 1456 934 XVI,
1503 894 1573 935 65„
1605 882 1702 935 Hyg.

973 948 1015 979 F.
1057 948 1113 979 92.
1183 945 1319 978 Pallas
1361 946 1494 988 iniqua
1531 948 1578 980 ob
1613 948 1708 980 idem

973 1002 1143 1034 iudicium
1164 1001 1316 1034 Paridis.
1328 1001 1411 1034 Vid.
1427 1002 1510 1035 ibid.
1555 1004 1611 1036 De
1633 1004 1708 1037 Mi-

972 1066 1105 1100 nerva,
1126 1057 1226 1089 Iovis
1248 1056 1337 1098 filia,
1367 1057 1439 1090 vid.
1471 1060 1517 1090 ad
1547 1060 1616 1101 111,
1649 1059 1706 1101 14,

974 1114 1026 1146 13.
1047 1130 1087 1135 —
1106 1112 1252 1145 Pallas.
1275 1113 1325 1154 11,
1353 1113 1430 1144 293.
1455 1116 1494 1146 et
1514 1116 1546 1157 1,
1571 1114 1628 1158 10,
1653 1115 1705 1147 12.

977 1167 1114 1200 Teucri
1124 1167 1272 1201 Troiani
1289 1167 1374 1200 dicti
1393 1176 1417 1200 a
1427 1169 1586 1213 Teucro,
1612 1170 1706 1203 cre-

973 1223 1087 1264 tensi,
1125 1222 1185 1263 qui
1222 1221 1258 1254 in
1288 1224 1483 1265 Phrygiam
1517 1225 1708 1266 minorem,
1745 1227 1750 1236 ⁸

973 1286 1064 1318 quae
1081 1279 1210 1318 postea
1225 1279 1340 1310 Troas
1351 1279 1538 1320 appellata
1553 1281 1624 1321 est,
1638 1278 1708 1310 mi-

971 1334 1094 1375 gravit
1112 1333 1313 1374 incolisque
1327 1342 1458 1366 nomen
1470 1335 1577 1379 dedit.
1600 1334 1707 1367 Diod.

971 1389 1044 1421 Sic.
1069 1390 1132 1421 IV.
1157 1396 1188 1420 c.
1212 1388 1281 1430 75„
1303 1389 1422 1429 neyn.
1453 1390 1499 1421 ad
1532 1378 1706 1431 Apollod.

971 1445 1033 1476 111.
1058 1452 1088 1475 c.
1114 1443 1182 1486 12„
1206 1444 1252 1475 ad
1275 1444 1379 1485 Vir-g.
1402 1445 1494 1476 Aen.
1516 1435 1549 1485 ι,
1569 1446 1645 1478 626.
1669 1447 1707 1477 et

971 1498 1123 1530 Excurs.
1137 1498 1183 1530 V.
1204 1502 1240 1531 et
1257 1500 1318 1532 VI.
1343 1502 1389 1532 ad
1404 1502 1495 1533 Aen.
1514 1501 1576 1533 111.
1601 1501 1707 1534 Conf.

971 1554 1060 1586 Met.
1084 1555 1186 1595 XIII,
1209 1554 1287 1586 705.
1302 1575 1311 1589 ,

1017 1648 1049 1681 7.
1075 1647 1220 1681 Oderat
1249 1649 1413 1684 Aenean.
1454 1651 1566 1684 Troia
1589 1652 1703 1691 deva-

971 1703 1070 1737 stata
1090 1707 1253 1748 Aeneas,
1276 1706 1471 1749 Troianus,
1501 1707 1596 1739 filius
1625 1707 1705 1739 Ve-

969 1760 1069 1792 neris
1092 1761 1319 1793 etAnclu’sa'e
1331 1762 1398 1804 (Π,
1411 1761 1506 1799 261.)
1518 1770 1598 1794 cum
1610 1769 1704 1803 pau-

970 1816 1023 1849 cis
1035 1816 1200 1849 Troianis
1223 1816 1261 1849 in
1282 1817 1424 1849 ltaliam
1434 1815 1621 1858 migravit,
1633 1816 1704 1848 ibi-

970 1880 1038 1913 que
1070 1880 1150 1904 cum
1181 1871 1329 1913 Turno,
1360 1872 1580 1911 Rutulorum
1615 1879 1706 1914 rege

970 1929 1014 1959 de
1037 1927 1205 1968 Lavinia,
1227 1926 1350 1958 Latini
1370 1928 1469 1969 regis
1492 1927 1584 1970 filia,
1600 1928 1704 1960 dimi—

969 1982 1079 2014 cavit.
1124 1983 1213 2013 Iuno
1226 2003 1241 2023 ,
1276 1989 1356 2013 cum
1380 1990 1453 2014 non
1471 1982 1589 2014 solum
1606 1984 1703 2015 Tro-

966 2037 1083 2079 ianus,
1102 2038 1166 2068 sed
1185 2036 1342 2069 Veneris
1353 2036 1422 2077 ipsi
1438 2035 1702 2068 inimicissimae

967 2093 1060 2125 filius
1084 2094 1196 2134 esset,
1219 2100 1299 2124 eum
1323 2091 1454 2132 ubique
1470 2092 1702 2125 infestissimo

967 2148 1051 2181 odio
1074 2148 1374 2190 persequebatur,
1388 2135 1603 2187 hostemque
1625 2146 1703 2178 eius

967 2204 1126 2236 Turnum
1148 2203 1298 2234 iuvabat
1321 2202 1442 2244 [Virg.
1467 2203 1598 2239 Aen.):
1622 2201 1701 2234 Ve-

968 2267 1035 2291 nus
1058 2261 1180 2300 autem
1202 2258 1236 2290 ei
1258 2257 1388 2299 ubique
1401 2276 1406 2282 ·
1419 2259 1562 2300 aderat,
1598 2255 1702 2289 cuius

969 2315 1105 2348 auxilio
1144 2316 1182 2346 et
1211 2315 1371 2346 Turnum
1401 2313 1535 2359 occidit
1564 2312 1602 2343 et
1630 2317 1702 2342 una

970 2380 1050 2403 cum
1082 2368 1237 2403 Lavinia
1269 2376 1384 2410 regno
1413 2368 1535 2401 Latini
1565 2366 1702 2408 potitus

969 2428 1036 2458 est.
1082 2423 1281 2466 Saturnia,
1316 2426 1418 2456 Iuno.
1462 2423 1546 2456 Vid.
1582 2423 1630 2454 ad
1650 2422 1702 2463 H,

967 2483 1044 2515 297.
1095 2482 1265 2514 Formam
1307 2478 1460 2512 Aenean
1515 2486 1591 2511 non
1632 2476 1704 2509 nisi

968 2538 1090 2578 Serv„
1124 2536 1218 2569 ven.
1253 2536 1350 2568 1474.
1389 2537 1427 2567 et
1464 2536 1519 2567 ed.
1553 2532 1700 2566 vicent.

968 2593 1119 2634 habent;
1145 2591 1277 2632 reliqui
1292 2590 1467 2622 Aeneam.
1482 2590 1545 2623 Fr.
1563 2590 1655 2622 Rev.
1678 2595 1702 2620 a

970 2647 1000 2680 1.
1024 2656 1069 2680 m.
1116 2644 1305 2678 Saturnia
1332 2643 1500 2677 Teucris.

1009 2739 1041 2770 8.
1071 2734 1227 2768 Veneris
1259 2734 1408 2767 numine
1437 2733 1500 2766 vel
1532 2740 1620 2774 ope,
1660 2733 1701 2764 ut

966 2795 996 2835 1,
1022 2793 1078 2834 10,
1103 2793 1168 2824 12.’
1186 2789 1365 2823 Palladio
1380 2787 1539 2821 numine.
1575 2787 1699 2828 Goth„

966 2851 1060 2882 Mor.
1073 2870 1085 2889 ,
1109 2847 1233 2888 Leid.,
1256 2847 1385 2888 Rern„
1407 2839 1552 2884 Pirckb'.
1581 2844 1619 2875 et
1646 2842 1700 2874 Vl

1115 3028 1140 3036 κ.

1841 684 1846 739 ἰ

1839 778 1846 849 Ξ

1838 855 1846 898 ῑε

1763 899 1846 940 -ε

1839 942 1846 1007 ἔ

1838 1012 1846 1050 ἱ
