1846 3146
162 184 263 234 110

407 185 464 234 P.
501 186 724 236 ovlml
759 187 1076 239 NASONIS
1112 188 1456 240 TRISTIUM

166 307 361 356 Horrea
394 306 628 357 formicae
663 308 867 358 tendunt
901 309 966 359 ad
1001 313 1164 360 inania
1198 325 1459 378 nunquam3

233 389 417 439 Nullus
453 390 517 439 ad
553 393 755 440 amissas
789 392 879 441 ibit
912 395 1094 444 amicus
1128 408 1267 459 opes.

1638 398 1703 448 10

168 475 331 538 thue
367 489 529 522 eomes
564 474 732 523 radios
766 489 856 541 per
889 475 1011 524 solis
1048 476 1271 526 euntibus
1313 479 1479 528 umbra
1514 485 1606 540 est,

237 555 361 607 Cum
398 556 521 605 latet
553 556 635 606 hie
668 573 869 623 pressus
908 558 1130 619 nubibus,
1165 558 1256 608 illa
1287 560 1436 625 fugit:

170 640 360 691 Mobile
395 641 469 688 sic
504 642 722 704 sequitur
756 640 983 689 fortunae
1015 641 1195 690 lumina
1236 642 1436 707 vulgus,

201 750 204 751 ⁷
238 724 391 784 Quae,
426 721 570 770 simul
604 722 805 773 inducta
843 723 971 772 nube
1004 729 1248 788 teguntur,
1287 725 1403 774 abit.

171 808 327 867 Haeo,
363 821 558 873 precor,
595 811 648 855 ut
682 821 874 872 semper
906 808 1097 872 possint
1131 806 1219 855 tibi
1252 807 1383 857 falsa
1414 809 1607 871 videri-3
1642 811 1706 860 15

240 890 369 940 Sunt
400 894 575 938 tamen·
601 894 783 938 eventu
818 904 940 938 vera
973 888 1175 937 fatenda
1208 904 1329 939 meo.

175 1053 254 1083 Art.
278 1051 321 1082 A.
344 1050 397 1091 11,
422 1048 512 1091 150„
533 1049 637 1081 Pont.
662 1050 694 1090 1,
717 1049 753 1090 6,
766 1050 819 1082 57.
852 1050 907 1081 Ac

174 1107 219 1138 de
244 1104 492 1146 columbariis,
509 1111 602 1145 quae
613 1104 813 1135 turriculae
824 1105 907 1135 for-

174 1169 267 1193 mam
298 1160 499 1200 habebant,
528 1158 600 1190 vid.
628 1158 768 1190 Pallad.
796 1159 840 1190 de
863 1159 906 1190 R.

175 1218 217 1249 R.
240 1217 267 1247 1.
292 1223 323 1247 c.
346 1215 400 1247 24.
455 1215 528 1246 Sed
558 1214 591 1245 h.
614 1213 641 1245 1.
665 1213 794 1245 turres
824 1212 908 1244 mihi

176 1271 436 1311 intelligendae
464 1270 635 1302 videntur
671 1270 796 1301 domus
833 1269 910 1300 alte

178 1327 404 1367 exstructae,
434 1327 541 1359 etiam
565 1327 719 1367 propter
742 1323 807 1355 illa
830 1330 910 1354 ve-

177 1382 304 1415 niant
332 1383 384 1413 ad
420 1383 617 1414 candida
648 1381 785 1420 tecta,
816 1379 911 1419 quod

177 1440 258 1470 fere
281 1438 383 1469 valet
406 1437 651 1469 habitaculum
674 1437 851 1476 quaerant
874 1435 911 1467 in

178 1494 339 1526 candidis
363 1491 480 1524 tectis.
531 1493 585 1524 De
616 1493 682 1524 illo
705 1499 815 1523 sensu
838 1499 909 1523 vo-

178 1548 300 1581 cabuli
340 1545 463 1578 turris
502 1548 573 1579 vid.
617 1549 705 1580 Met.
736 1547 808 1587 IV,
840 1546 909 1588 48„

177 1603 336 1635 Broukh.
360 1603 405 1634 ad
429 1603 506 1635 Tib.
530 1605 568 1645 Ι,
598 1604 640 1645 8,
673 1603 742 1644 16.,
762 1602 841 1634 Iani
864 1603 910 1634 ad

178 1660 267 1691 Hor.
292 1659 356 1691 Od.
381 1660 414 1700 1,
438 1658 474 1699 4,
499 1658 528 1690 1.
546 1660 675 1691 ——Res
698 1658 777 1699 ipsa
800 1665 821 1689 e
844 1665 910 1689 co-

179 1715 380 1747 lumbarum
409 1717 543 1746 natura
570 1714 660 1746 satis
698 1713 808 1754 plana
844 1713 909 1743 est.

180 1770 285 1803 Conf.
307 1771 418 1802 Varr.
443 1770 487 1800 de
516 1770 558 1801 R.
589 1770 631 1801 R.
664 1770 730 1802 111.
758 1776 788 1801 e.
812 1769 844 1800 7.
868 1784 911 1790 —

181 1828 289 1858 Mart.
314 1825 436 1865 Epigr.
458 1825 540 1865 XII,
565 1825 618 1856 ³1.

249 1889 394 1922 Quaeque
418 1888 497 1923 gerit
520 1888 636 1916 similes
663 1887 792 1915 eandida
818 1889 911 1917 turris

579 1938 652 1959 aves
670 1947 705 1952 —

182 1992 241 2024 ubi
265 1999 354 2023 aves
371 1990 557 2022 columbas
576 1990 831 2031 intelligendas
843 2001 911 2034 ap-

182 2050 288 2088 paret
311 2055 358 2078 ex
381 2045 557 2078 orationis
582 2048 771 2088 contextu,
796 2048 848 2079 uti
871 2055 912 2079 e-

183 2105 268 2136 tiam
297 2103 367 2134 hoc
396 2102 494 2133 loco.
547 2102 623 2132 lun.
654 2104 691 2134 et
713 2103 835 2135 Berol.
865 2112 912 2136 α-

182 2157 333 2199 spiciat.
379 2157 475 2189 Gau.
499 2155 670 2197 aspiciet.

227 2236 281 2268 10.
304 2234 365 2268 Aa
388 2234 548 2269 amissas
571 2242 672 2276 opes,
695 2235 740 2265 ad
763 2234 914 2277 amicos,

181 2297 372 2335 postquam
402 2299 491 2332 opes
520 2299 606 2323 suas
641 2292 848 2326 amiserunt.
870 2310 914 2316 --

186 2352 320 2382 Bersm.
343 2346 483 2380 currit.
529 2347 626 2380 Gall.
652 2347 781 2381 tendit.

230 2426 282 2458 11.
324 2425 465 2457 Umbra
493 2425 558 2458 est.
612 2425 790 2468 Vulgata,
818 2426 914 2467 Rel.,

183 2485 219 2515 11
242 2482 381 2515 Heinsii
403 2483 440 2514 et
463 2482 518 2514 ed.
541 2481 621 2514 Vic.
653 2481 800 2522 umbra,
822 2489 914 2522 quae

181 2538 365 2579 scriptura
387 2544 455 2577 per
477 2544 517 2568 se
542 2537 680 2577 quidem
708 2538 798 2569 satis
828 2540 914 2578 apta

183 2596 255 2634 est,
269 2596 305 2624 et
324 2593 445 2625 multis
470 2593 676 2625 confirmari
702 2595 823 2633 potest
847 2601 914 2624 ex-

183 2649 323 2689 emplis.
347 2648 682 2690 cic.deLegg.111.
707 2657 737 2680 c.
761 2649 792 2680 2.
819 2647 915 2680 Pla-

184 2705 223 2735 to
253 2703 429 2735 Titanum
465 2712 483 2735 e
509 2711 647 2744 yenere
676 2702 811 2735 statuit
841 2711 914 2744 eos,

183 2757 264 2800 qui,
287 2759 331 2790 ut
352 2757 411 2790 illi
434 2759 671 2800 coelestibus,
694 2758 750 2791 sic
780 2758 818 2790 1ιί
842 2759 914 2791 ad-

184 2814 385 2846 versentur
406 2812 704 2855 maqistratibus.
751 2816 823 2847 Sed
849 2823 912 2847 re-

183 2869 364 2910 liquorum
403 2869 580 2904 librorum
620 2871 775 2904 omnium
817 2871 911 2903 scri-

974 1050 1083 1089 ptura
1105 1046 1238 1079 umbra
1261 1047 1318 1079 est
1340 1049 1554 1082 concinnior
1577 1052 1648 1094 est,
1671 1052 1708 1085 in

974 1110 1045 1144 qua
1067 1103 1203 1135 umbra
1232 1111 1378 1136 comes
1411 1104 1481 1137 est
1509 1108 1707 1147 respondet

974 1159 1029 1191 illi
1050 1158 1221 1200 sequitur
1244 1168 1279 1191 v.
1304 1159 1357 1192 13.
1366 1181 1379 1200 ,
1407 1168 1536 1193 versus
1565 1162 1616 1194 11.
1640 1171 1705 1196 re-

974 1216 1131 1256 spondet
1153 1215 1277 1247 versui
1301 1215 1352 1247 13.
1369 1237 1384 1257 ,
1415 1219 1453 1248 et
1473 1216 1648 1259 protasis,
1671 1218 1712 1250 ut

975 1269 1163 1311 apodosis,
1180 1270 1217 1301 in
1229 1271 1317 1301 duas
1333 1273 1457 1310 partes
1475 1271 1600 1312 etiam,
1614 1273 1710 1312 quod

976 1325 1023 1356 ad
1045 1326 1265 1357 structuram
1287 1326 1433 1368 attinet,
1457 1327 1638 1361 dividitur.

1021 1379 1167 1411 Radius
1195 1388 1268 1420 per
1297 1379 1407 1420 solis,
1442 1385 1482 1414 ut
1513 1384 1613 1416 Fast.
1637 1385 1711 1426 111,

975 1436 1052 1467 723.
1077 1434 1224 1466 nomine
1247 1434 1293 1467 ab
1325 1435 1514 1477 auctoris,
1544 1438 1654 1484 Trist.
1677 1440 1712 1480 1,

976 1492 1034 1533 10,
1058 1490 1110 1523 15.
1134 1498 1242 1522 mare
1264 1489 1303 1521 in
1326 1490 1582 1532 Helles,.quae
1609 1493 1711 1534 posi-

976 1546 1027 1579 tio
1056 1545 1338 1587 praepositionis
1371 1554 1417 1577 ex
1448 1554 1492 1578 ea
1515 1549 1712 1579 consuetu-

977 1602 1060 1633 dine
1083 1596 1298 1641 explicanda
1320 1601 1480 1643 videtur,
1503 1610 1574 1642 qua
1602 1603 1711 1635 etiam

976 1657 1072 1689 inter
1100 1656 1364 1688 substantivum
1393 1659 1431 1688 et
1471 1656 1706 1699 adiectivum,

977 1721 1045 1753 pro
1076 1721 1146 1753 quo
1184 1711 1366 1753 genitivus
1401 1719 1514 1751 saepe
1547 1712 1712 1755 ponitur,

978 1767 1201 1809 praepositio
1219 1766 1437 1799 collocatur.
1456 1767 1592 1798 Eodem
1605 1768 1712 1800 modo

979 1824 1085 1856 etiam
1118 1823 1280 1864 Tacitus,
1309 1822 1371 1863 qui
1401 1822 1545 1854 omnino
1576 1821 1613 1854 in
1637 1823 1713 1859 hoc

978 1886 1116 1920 genere
1144 1879 1298 1911 liberior
1331 1879 1402 1919 est,
1435 1875 1564 1917 ripam
1585 1877 1638 1910 ad
1657 1876 1712 1910 A-

982 1934 1093 1967 ramis
1116 1935 1247 1967 Annal.
1269 1934 1351 1966 ΧΠ.
1373 1941 1405 1965 c.
1428 1932 1482 1964 51.
1514 1948 1558 1954 -
1587 1932 1635 1970 V.
1658 1932 1712 1965 13.

981 1991 1079 2025 Leid.
1105 1992 1142 2022 et
1166 1989 1246 2021 Rei.
1267 1996 1336 2028 pro
1358 1997 1395 2019 v.
1417 1995 1489 2019 scr.
1511 1986 1677 2020 numina.

971 2059 977 2066 ·
1024 2044 1178 2084 Mobile,
1199 2043 1327 2076 studiis
1350 2042 1572 2075 inconstans.
1622 2043 1712 2076 Hor.

981 2101 1045 2134 od.
1075 2101 1108 2141 1,
1140 2099 1175 2140 1,
1205 2099 1237 2130 7.
1258 2095 1450 2129 mobilium
1479 2097 1596 2130 turba
1618 2097 1711 2138 Qui-

979 2153 1124 2196 ritium,
1148 2153 1207 2186 ubi
1229 2153 1301 2185 vid.
1326 2152 1483 2194 interpp.

1026 2241 1077 2274 14.
1112 2240 1232 2273 Nube.
1276 2242 1353 2274 Pal.
1378 2242 1426 2284 2.,
1448 2242 1601 2282 uterque
1618 2241 1713 2284 PoL,

980 2298 1085 2339 Reg.,
1109 2298 1222 2339 Gall„
1246 2298 1368 2339 Serv„
1393 2298 1442 2330 IX
1464 2297 1604 2339 Heius„
1622 2297 1712 2330 'item

981 2354 1125 2395 Dresd„
1148 2353 1268 2386 Guelf.
1291 2355 1328 2385 ct
1351 2352 1471 2384 Berol.
1483 2352 1602 2384 nocte.
1638 2349 1712 2386 Sed
1768 2390 1773 2395 ,

981 2409 1200 2449 scripturam
1224 2407 1320 2440 nube
1341 2407 1459 2449 poscit
1482 2406 1519 2440 et
1536 2407 1715 2446 libroruin,

981 2465 1070 2494 vett.
1094 2463 1210 2495 maior
1232 2463 1448 2504 auctoritas,
1467 2466 1505 2497 et
1518 2464 1612 2504 quod
1622 2462 1712 2504 for-

982 2518 1097 2549 tunae
1119 2519 1243 2550 lumen
1267 2519 1299 2550 h.
1323 2518 1348 2550 1.
1373 2526 1452 2550 cum
1475 2517 1564 2549 solis
1578 2517 1711 2565 lumine

983 2575 1238 2615 comparatur,
1273 2573 1365 2614 quod
1402 2580 1476 2604 non
1506 2572 1613 2603 nocte
1647 2573 1713 2604 sed

982 2627 1078 2659 nube
1101 2628 1175 2667 tegi
1197 2630 1234 2659 et
1258 2628 1401 2660 omnino
1424 2627 1571 2668 dicitur,
1595 2628 1632 2659 et
1655 2628 1711 2659 di-

982 2686 1077 2715 ctum
1101 2687 1157 2715 est
1180 2693 1214 2715 v.
1238 2683 1290 2715 12.

1024 2737 1157 2779 simul,
1180 2737 1421 2780 simulatque,
1455 2739 1495 2770 ut
1518 2748 1553 2770 v.
1577 2738 1654 2780 ια,
1680 2739 1712 2780 1,
1758 2725 1786 2744 ·'
1845 2736 1846 2745 ¹

979 2796 1015 2834 5,
1037 2794 1107 2835 29.,
1132 2795 1163 2835 Ι,
1188 2794 1245 2835 10,
1270 2794 1322 2826 15.
1346 2796 1384 2825 et
1406 2794 1548 2834 passim.

1024 2871 1074 2903 15.
1105 2870 1262 2912 Semper
1282 2870 1440 2912 possint.
1485 2872 1592 2913 Reg„
1616 2871 1711 2910 Fut„
