1846 3146
205 180 310 230 212
405 155 408 159 ’
454 178 512 230 P.
550 177 773 230 ovmn
805 177 1121 232 NASONIS
1155 175 1499 229 TRISTmM

203 301 323 351 Non
355 302 505 362 timui,
541 300 728 362 fateor,
763 316 841 362 ne,
878 318 972 366 qua
1002 305 1077 351 tot
1108 303 1213 351 iere
1248 302 1460 362 carinae,

271 384 532 448 Naufraga
566 387 779 434 servatis
815 384 1032 434 omnibus
1066 402 1163 433 una
1195 384 1340 434 foret.

1638 381 1738 432 4⁸7⁰

203 467 337 521 Sunt
367 467 480 516 aliis
516 468 753 533 scriptae,
790 467 962 532 quibus
998 467 1109 516 alea
1142 466 1344 526 luditur,
1379 469 1540 516 artese

270 551 412 602 Haec
448 554 525 599 est
558 549 623 599 ad
656 555 852 600 nostros
880 553 986 600 'non
1017 550 1135 601 leve
1171 552 1354 600 crimen
1387 564 1544 610 avos3

207 634 336 695 Quid
371 634 573 683 valeant
604 633 708 694 tali,
748 650 842 698 quo
874 635 1037 700 possis
1071 633 1280 700 plurima
1311 634 1443 682 iactu
1477 668 1484 671 ι

270 717 504 783 Fingere,
542 716 802 766 damnosos
837 718 1141 782 effugiasque
1174 729 1355 777 canes3

205 874 276 903 nor
299 870 493 912 Propertio
521 873 628 903 natus
663 871 744 903 erat
774 877 807 902 a.
835 870 876 903 U.
901 868 941 903 C.

205 926 362 960 Dccn.
412 927 496 959 vid.
530 926 691 968 Pr01eg.,
726 927 764 958 et
797 927 843 958 ad
873 925 941 968 IV,

207 983 266 1026 10,
290 983 321 1015 6.
345 983 382 1015 et
410 983 464 1014 53.

252 1059 329 1093 468.
374 1058 492 1092 Iubet
513 1058 775 1102 dissimulare,
810 1068 863 1092 sc.
894 1066 941 1092 ne

205 1114 335 1148 videar
359 1122 423 1147 eos
447 1123 626 1148 accusare
654 1116 763 1148 velle.
792 1131 835 1137 --
858 1109 942 1155 Seg.

206 1169 475 1203 dissimulasse.
527 1170 629 1203 Leid.
652 1159 771 1203 iuvat.
816 1170 943 1203 Re1.a

206 1225 238 1258 1.
262 1234 307 1257 m.
330 1225 441 1257 vetet.
494 1224 602 1257 Goth.
634 1234 656 1258 a
692 1226 722 1260 1.
754 1236 798 1259 m.
827 1225 940 1258 videt.

206 1280 292 1313 vat.
318 1281 375 1324 1.,
409 1282 445 1313 11
480 1281 543 1313 alii
575 1281 715 1324 Heius,
750 1282 871 1315 Guelf.
905 1283 942 1314 et

207 1334 315 1367 Goth.
339 1336 549 1368 tantorum.
595 1337 729 1370 Franc.
740 1336 941 1370 maiorum.

205 1391 305 1424 Unus
328 1391 449 1424 Heius.
471 1392 690 1424 multorum.

250 1457 328 1490 469.
362 1459 475 1502 Busl.,
499 1460 584 1501 Seg.
606 1460 644 1492 et
661 1459 790 1492 Dresd.
812 1459 882 1501 pro
905 1468 941 1491 v.

207 1521 281 1545 scr.
304 1521 374 1544 nec
398 1512 475 1546 tim.

222 1574 226 1576 ’
251 1579 328 1613 471.
362 1579 471 1623 Alea,
497 1591 620 1616 omnes
650 1583 731 1615 fere
753 1582 860 1615 ludos
882 1584 943 1615 ta-

205 1635 326 1669 lorum
349 1639 387 1669 et
410 1639 633 1670 tesserarum
658 1638 944 1679 comprehende-

206 1692 286 1735 bat,
308 1691 348 1738 ἰζι
371 1693 514 1735 quihus,
538 1697 578 1728 ut
601 1694 792 1728 Ciceronis
820 1693 944 1726 verbis

207 1749 307 1788 utar,
332 1747 529 1781 temeritas
559 1750 599 1781 et
625 1757 749 1791 casus,
771 1756 848 1780 non
872 1757 945 1780 ra-

210 1802 264 1834 tio
287 1803 459 1844 valebam·
484 1806 580 1837 unde
603 1805 690 1837 alea
712 1804 946 1846 pro‘fortuna

209 1859 247 1888 et
268 1866 405 1890 summo
430 1860 646 1892 discrimine.
693 1860 841 1892 Publice
861 1860 945 1891 alea

207 1912 337 1944 ludere
366 1913 509 1954 legibus
538 1916 689 1948 vetitum
720 1918 812 1948 erat.
855 1917 943 1948 Hor.

209 1968 275 2002 Od.
298 1969 364 2007 111,
388 1969 447 2010 24,
471 1970 540 2013 582,
565 1970 639 2003 Cic.
663 1971 814 2011 Philipp.
841 1972 886 2002 11.
912 1978 943 2002 c.

208 2023 264 2056 23.
308 2024 390 2056 vid.
423 2025 525 2057 Paw.
561 2025 605 2056 de
633 2025 727 2057 Alea
763 2026 944 2067 veterum,

207 2079 423 2119 Barbeyrac
447 2076 573 2112 'fraite
604 2081 651 2112 du
668 2077 735 2122 jeu
758 2082 820 2112 111.
844 2080 875 2113 1.
898 2081 945 2123 7.,

210 2134 327 2168 Lindii
357 2135 510 2167 Dissert.
553 2136 597 2168 de
638 2136 871 2168 Aleatoribus
910 2144 945 2177 p.

213 2190 267 2223 18.
313 2190 403 2225 Rxc.
427 2190 536 2223 Voss.
562 2189 735 2223 discitur.

256 2259 333 2291 472.
367 2257 474 2289 Haec
497 2256 563 2288 est.
610 2257 690 2288 Bel.
704 2256 770 2288 al.
788 2265 832 2288 m.
854 2255 948 2289 haec

209 2313 297 2357 fuit,
321 2322 390 2355 pro
414 2323 451 2345 v.
479 2320 551 2344 scr.
575 2312 668 2344 haec
691 2312 756 2343 est.
814 2312 891 2344 Pal.
916 2311 947 2344 1.

209 2372 247 2403 et
281 2371 333 2412 2.,
366 2369 477 2411 Gall„
509 2370 631 2410 Serv„
660 2368 808 2410 Frano.,
835 2367 949 2409 Busl.,

209 2426 299 2457 VIII
323 2425 385 2457 alii
409 2424 532 2457 Heius.
557 2426 594 2455 et
617 2423 775 2455 ciusdem
797 2423 852 2454 ed.
875 2430 947 2464 pn,

207 2481 348 2523 Berol.,
369 2481 524 2521 Dresd.,
556 2479 663 2511 Goth.
695 2480 731 2510 et
754 2479 844 2510 vett.
867 2478 946 2509 edd.

209 2537 280 2569 hoc
303 2537 368 2569 est.
420 2535 568 2568 Pirckh.
597 2534 637 2566 in
667 2516 947 2566 nostrosjni-

212 2593 322 2625 midia
343 2599 429 2631 pars
455 2591 557 2626 codd.
585 2589 705 2622 Heius.
734 2590 771 2620 et
800 2589 949 2621 veteres

210 2648 292 2680 edd.
316 2647 368 2678 ad
390 2647 549 2678 vestros.
595 2646 804 2685 Per-peram.

252 2714 330 2747 4⁷3.
361 2713 540 2753 sequitur
578 2712 702 2753 lepida
735 2711 841 2743 liuius
874 2707 952 2741 ludi

209 2768 422 2810 descriptio.

252 2824 327 2856 Pal.
354 2824 384 2856 1.
408 2825 445 2856 et
468 2823 516 2865 2.,
539 2822 690 2863 Bersm.,
705 2821 824 2863 Laid„
836 2822 948 2862 Mon,

207 2880 331 2922 serm,
354 2879 492 2922 auem,
513 2879 643 2913 Dresd.
677 2885 699 2912 a.
725 2877 755 2911 1.
780 2886 824 2909 m.
847 2883 947 2916 pos-

1008 877 1078 902 ses.
1125 868 1224 911 seg„
1248 867 1354 900 Goth.
1386 873 1409 899 a
1431 865 1462 900 1.
1484 874 1530 899 m.
1551 865 1682 909 posset
1703 866 1742 898 et

1008 932 1031 957 a
1055 933 1151 957 corr.
1173 922 1306 965 possit.
1328 939 1374 946 —
1401 923 1502 956 vett.
1526 922 1606 954 edd.
1627 928 1742 962 prae-

1008 983 1067 1014 ter
1090 981 1225 1013 Bonon.
1248 977 1406 1012 valeant
1425 976 1507 1010 alii.
1528 993 1573 1006 -τ-
1594 976 1640 1009 V.
1661 975 1740 1008 474.

1008 1037 1085 1070 Pal.
1119 1035 1150 1074 1,
1183 1036 1222 1067 et
1249 1035 1304 1077 2.‚
1335 1033 1414 1066 Pol.
1447 1032 1480 1065 1.
1513 1034 1551 1066 et
1572 1033 1629 1075 2.,
1660 1039 1743 1064 exe.

1007 1094 1117 1127 Voss.
1130 1114 1144 1135 ,
1188 1091 1310 1133 Busl.,
1354 1089 1455 1122 Leid.
1488 1090 1526 1120 et
1558 1088 1645 1120 xm
1677 1086 1742 1120 alii

1008 1148 1148 1190 nefins„
1171 1144 1306 1188 auem,
1329 1145 1449 1186 nem,
1473 1143 1580 1176 coti.
1609 1144 1647 1175 et
1669 1132 1740 1175 no-

1009 1204 1078 1236 stri
1099 1204 1135 1236 V
1150 1201 1306 1245 finqere.
1350 1198 1494 1240 Reliqui
1510 1199 1548 1230 et
1558 1199 1647 1230 vett.
1660 1197 1742 1229 edd.

1005 1257 1135 1302 fiacr-e.
1186 1256 1484 1300 Finyere-recte
1514 1251 1743 1293 interpret»

1010 1317 1070 1347 tur
1092 1313 1268 1354 Micyllus
1292 1309 1483 1354 effingere,
1509 1306 1682 1351 figurare
1704 1307 1743 1340 et

1009 1369 1182 1401 exhibere
1214 1368 1379 1400 diversas
1408 1365 1566 1398 talorum
1595 1363 1743 1405 figuras.

1008 1426 1101 1458 Nam
1134 1423 1219 1456 talis
1251 1423 1426 1455 ludebant
1456 1420 1529 1454 sic:
1574 1417 1743 1462 Quatuor

1009 1481 1077 1512 tali
1107 1477 1256 1519 oblongi
1285 1481 1441 1518 quatuor
1470 1476 1634 1509 faciebus
1661 1475 1743 1508 sive

1008 1534 1186 1567 lateribus
1219 1536 1327 1566 notas
1360 1540 1591 1565 numerorum
1621 1533 1650 1564 Ι.
1679 1531 1743 1563 111.

1010 1592 1074 1624 IV.
1097 1591 1161 1623 Vl.
1184 1589 1382 1631 habebant,
1412 1587 1549 1620 duabus
1572 1585 1745 1619 extremis

1011 1645 1174 1687 partibus
1210 1643 1350 1676 vacuis.
1404 1642 1480 1675 Hos
1509 1642 1546 1674 in
1575 1641 1743 1674 fritillum

1013 1700 1256 1733 coniiciebant
1283 1699 1321 1731 in
1351 1706 1468 1739 eoque
1498 1698 1655 1740 agitatos
1679 1704 1744 1728 su-

1010 1764 1079 1798 per
1101 1755 1261 1788 tabulam
1281 1754 1504 1786 emittebant.
1548 1751 1743 1787 Acron.a‹l

1011 1814 1101 1847 Hor.
1124 1813 1201 1845 Sat.
1223 1812 1274 1852 11,
1294 1810 1332 1851 7,
1355 1808 1408 1841 17.
1454 1809 1510 1841 Ac
1531 1806 1667 1840 XXXV
1686 1805 1745 1837 in·-

1012 1869 1071 1900 ter
1092 1874 1134 1899 se
1157 1866 1293 1899 diversi
1314 1865 1431 1897 iactus
1454 1858 1641 1902 (πτώσεις)
1663 1860 1744 1894 fieri

1011 1922 1196 1964 poterant.
1263 1921 1538 1968 Infelicissimus
1574 1914 1751 1951 canicula

1013 1978 1094 2010 sive
1118 1976 1236 2017 canis,
1256 1977 1316 2017 qui
1339 1978 1435 2018 erat,
1466 1983 1546 2007 cum
1568 1973 1645 2014 quis
1668 1971 1751 2003 uni-

1013 2034 1125 2065 tatem
1158 2032 1329 2073 miserat,
1359 2032 1399 2064 ut
1428 2031 1583 2071 quatuor
1617 2027 1682 2059 tali
1705 2035 1751 2059 o-

1013 2095 1114 2120 mnes
1143 2087 1318 2119 unitatem
1340 2084 1574 2126 exhiberent3
1609 2082 1750 2125 felicis-

1013 2143 1122 2174 simus
1152 2143 1270 2174 iactus
1301 2144 1383 2174 erat
1410 2141 1547 2180 Venus,
1571 2138 1631 2179 qui
1654 2141 1753 2179 erat,

955 2190 957 2193 ⁴
1013 2199 1045 2230 si
1079 2206 1201 2230 omnes
1231 2195 1297 2230 tali
1325 2196 1496 2228 numeroe
1529 2193 1753 2227 exhibebant

1017 2254 1199 2296 diversos,

1062 2342 1069 2348 .
1083 2317 1156 2347 Cum
1174 2317 1296 2346 steterit
1312 2317 1414 2345 nullus
1431 2315 1519 2343 vultu
1544 2314 1601 2343 tibi
1619 2314 1700 2343 talus
1717 2319 1753 2341 e·

1414 2360 1502 2389 odem
1518 2374 1554 2380 —

990 2431 997 2441 ⁹
1015 2434 1056 2465 ut
1078 2433 1237 2474 loquitur
1257 2433 1367 2465 Mart.
1388 2431 1490 2472 xlv,
1503 2428 1557 2462 14.
1601 2426 1750 2462 Lucian.

1013 2491 1137 2522 Amor.
1160 2490 1204 2521 11.
1239 2482 1396 2529 μηδενὸς
1429 2479 1658 2527 ἀστραγάλου
1690 2489 1753 2512 πε·

1015 2539 1143 2581 σόντος
1166 2540 1231 2588 ἴσῳ
1254 2537 1417 2584 σχήματι.
1462 2539 1545 2573 vid.
1567 2539 1668 2571 Pers.
1680 2537 1749 2578 111,

1015 2598 1070 2630 48.
1082 2619 1097 2640 ,
1132 2599 1230 2630 Suet.
1257 2597 1334 2630 Oct.
1359 2604 1390 2628 c.
1413 2595 1444 2628 9.
1493 2591 1600 2625 Talis
1624 2589 1751 2632 iactis,

1016 2653 1062 2684 ut
1093 2652 1247 2694 quisque
1281 2659 1434 2691 canem,
1468 2647 1547 2681 aut·
1565 2644 1755 2678 senionem
1781 2664 1782 2667 =

1017 2706 1177 2748 iecerat,
1200 2706 1240 2739 in
1262 2706 1431 2747 sinqulos
1461 2704 1562 2737 talos
1584 2699 1754 2742 sinyulos
1775 2717 1802 2735 .·
1835 2689 1846 2706 ⁷

1016 2761 1196 2795 denarios
1234 2761 1274 2794 in
1312 2760 1472 2794 medium
1491 2759 1493 2763 '
1515 2755 1747 2800 conferebat,

1017 2826 1107 2861 quos
1129 2816 1326 2850 universos
1349 2814 1518 2855 tollebat,
1542 2812 1606 2855 qni
1628 2812 1749 2854 Vene-

1016 2882 1099 2907 rem
1117 2871 1274 2907 iecerat.
1319 2873 1399 2906 Art.
1423 2872 1467 2904 A.
1490 2870 1541 2912 11,
1563 2869 1640 2902 205.
