1846 3146
158 207 259 258 4⁷6

400 207 459 259 Ρ.
495 208 718 261 OVIDII
750 205 1067 260 NASONIS
1101 166 1445 263 TRISTIUM

675 447 1018 495 ELEGIA
1058 448 1175 495 VI.

204 557 395 602 Amicum,
429 557 493 603 qui
532 558 700 602 primum
738 559 845 603 fideli
874 560 999 594 animo
1027 569 1186 594 suarum
1218 567 1351 594 rerum
1382 568 1518 594 curam
1549 561 1690 595 habue-

248 617 326 658 rat,
347 616 413 648 sed
433 616 524 658 post
544 616 610 648 sub
631 617 839 659 praetextu
863 616 1026 659 offensae
1047 616 1086 649 in
1111 615 1237 658 officio
1260 617 1477 659 languerat,
1494 617 1690 660 hortatur,

249 672 295 705 ut
314 670 355 704 in
373 670 450 714 fide
468 671 658 713 persistat
677 667 749 705 neu
770 670 811 704 in
832 671 996 705 miseriis
1017 679 1058 705 se
1082 671 1246 705 deserat.
1291 670 1399 714 Cous.
1423 671 1459 714 Ι,
1482 671 1519 705 5.

159 797 242 848 Tu
278 813 486 864 quoque,
522 803 795 848 nostrarum
829 798 1070 863 quondam
1103 797 1285 848 fiducia
1315 813 1490 860 rerum,

226 880 322 941 Qui
354 882 471 930 mihi
504 882 801 947 confugium,
838 884 919 946 qui
953 881 1068 930 mihi
1100 885 1269 947 portus
1302 895 1430 942 eras,

161 964 243 1013 Tu
280 980 473 1030 quoque
491 967 726 1031 *suscepti
761 980 924 1014 curam
959 964 1159 1013 dimittis
1193 965 1350 1026 amici,

228 1047 493 1113 Officiique
525 1050 657 1115 pium
689 1052 785 1096 tam
819 1050 918 1097 cito
951 1049 1096 1115 ponis
1131 1046 1293 1096 onus?

162 1130 375 1183 sarcina
406 1148 526 1192 sum,
562 1131 749 1180 fateor:
797 1148 936 1196 quam
969 1132 1014 1180 si
1046 1135 1099 1178 tu
1134 1133 1353 1196 tempore
1387 1130 1510 1181 duro
1656 1132 1689 1181 5

227 1215 557 1282 Depositums
590 1228 718 1274 eras,
753 1229 847 1262 non
884 1210 1138 1264 subeunda
1171 1213 1278 1262 fuit.

160 1375 337 1418 precandi
359 1375 469 1409 uxori
490 1376 576 1417 apte
597 1375 709 1418 redIt,
728 1378 767 1408 at
789 1376 895 1409 simul

159 1435 287 1465 votum
309 1441 436 1475 suum,
466 1433 507 1465 ut
528 1430 709 1464 leniretur
732 1431 895 1474 exilium,

160 1488 295 1522 callide
318 1488 485 1522 intexuit.

204 1566 259 1600 64.
281 1566 357 1599 Pal.
376 1565 407 1598 1.
424 1559 541 1605 parc.
551 1564 619 1598 sed
633 1566 752 1597 nullo.
797 1565 893 1598 Busl.

159 1622 203 1657 ets
221 1630 300 1655 exc.
322 1622 431 1655 voss.
455 1620 598 1654 labore.
646 1622 753 1655 Goth.
776 1630 894 1664 prov.

158 1685 234 1711 scr.
256 1677 390 1710 dolore
407 1675 496 1720 fuit.

386 1815 568 1848 ELEGIA
590 1815 657 1848 V1.

206 1883 239 1915 2.
274 1879 510 1923 Confuyt'um.
565 1882 637 1924 IV,
665 1883 703 1924 5,
731 1881 764 1913 2.
787 1882 826 1913 et
847 1882 895 1923 5.,

160 1938 266 1970 Pont.
297 1939 347 1979 11,
376 1937 413 1978 8,
443 1937 497 1970 68.
527 1954 571 1959 -
604 1937 726 1970 Berol.
755 1939 793 1969 et
814 1937 894 1969 Bel.

161 1992 226 2035 qui
247 1993 356 2025 modo
386 1991 487 2033 conf.
502 2032 513 2047 l
536 1993 667 2025 Dresd.
694 1992 757 2034 qui
783 1993 895 2025 modo

162 2047 265 2090 conf.
288 2046 352 2089 qui
375 2047 496 2079 modo.
541 2049 638 2081 Mor.
662 2045 871 2080 consilium.

205 2126 238 2158 3.
275 2124 333 2157 Tu
363 2131 517 2166 quoque.
575 2124 672 2157 Illud
701 2131 845 2166 qnoque
873 2131 895 2155 e

165 2191 202 2214 v.
226 2181 257 2214 1.
281 2181 475 2222 repetitum
497 2182 586 2221 puto
593 2190 605 2222 3
628 2188 710 2212 nam
726 2180 835 2212 Voss.
858 2181 895 2211 et

165 2237 336 2277 Gottorp.
371 2235 412 2267 tu
441 2236 570 2277 modo,
602 2237 696 2277 quod
729 2235 896 2277 praetuli.

162 2292 258 2324 Nam
281 2291 339 2323 hic
367 2291 503 2324 amicus
532 2292 679 2326 videtur
706 2292 807 2333 prius
830 2299 897 2323 ex·

161 2347 253 2379 sulis
277 2354 442 2379 caussam
457 2347 678 2389 suscepisse,
695 2347 821 2378 deinde
839 2346 897 2377 le-

164 2404 264 2435 vit-er
287 2403 417 2447 iterum
440 2402 658 2444 deseruisse,
681 2403 721 2434 ut
749 2409 796 2433 ex
820 2403 899 2433 tota

166 2458 287 2499 elegia
319 2459 356 2489 et
387 2465 434 2489 ex
466 2465 580 2490 versu
611 2465 687 2498 seq.
712 2457 790 2488 tam
823 2455 899 2488 cito

164 2512 276 2554 ponis
320 2521 414 2545 onus
457 2513 622 2552 apparet.
681 2512 763 2544 vid.
788 2521 822 2543 v.
846 2511 898 2543 15.

167 2569 306 2602 Bmm.
352 2567 570 2601 observatio
592 2567 800 2607 rhetorica,
831 2575 901 2607 qua

166 2624 282 2655 verba
315 2623 352 2655 in
381 2624 569 2664 anaphora
598 2622 719 2664 posita
739 2623 900 2654 secundo

165 2679 253 2711 loco
296 2679 415 2710 omnia
453 2680 696 2719 repetuntur,
739 2677 902 2717 postulat

169 2736 366 2774 tueturque
388 2734 597 2775 vulgatam,
643 2735 684 2765 ut
715 2732 808 2764 scite
831 2740 900 2764 no-

168 2789 261 2822 tavit
283 2790 383 2822 lahn.
437 2790 522 2821 vid.
546 2790 580 2830 1,
609 2789 646 2829 3,
676 2789 752 2820 100.
797 2789 900 2820 Adde

168 2847 426 2879 auctoritatem
456 2851 571 2884 prope
612 2845 764 2876 omnium
794 2845 898 2876 codd.

170 2904 208 2936 et
229 2905 321 2936 vett.
344 2901 424 2934 edd.
437 2916 481 2923 —
493 2900 690 2943 perperam
701 2900 794 2933 idem
805 2901 898 2933 Bur-

962 1383 1113 1408 mannus
1125 1397 1140 1418 ,
1179 1374 1275 1416 quod
1310 1374 1439 1407 Dresd.
1468 1383 1537 1416 pro
1561 1384 1596 1407 v.
1618 1381 1690 1406 scr.

962 1430 1131 1473 exhibet,
1162 1438 1317 1463 causam
1339 1430 1437 1462 dedit
1458 1439 1525 1471 pro
1545 1437 1691 1462 curam.

962 1484 1074 1518 Certe
1105 1494 1236 1519 caussa
1263 1486 1424 1519 mutandi
1450 1494 1524 1518 non
1545 1486 1690 1517 aderat:

963 1541 1004 1573 tu
1036 1549 1179 1583 quoque
1207 1540 1367 1574 dimittis
1394 1548 1551 1582 curam,
1585 1547 1691 1581 quem

960 1604 1196 1639 susceperas,
1221 1596 1334 1629 amici
1356 1620 1367 1630 .
1390 1621 1400 1629 .
1454 1586 1583 1630 Dresd.
1613 1603 1637 1627 a
1659 1594 1690 1627 1.

960 1660 1005 1684 m.
1029 1659 1173 1685 euram.
1225 1653 1331 1686 Goth.
1338 1675 1355 1696 ‚
1375 1655 1466 1695 neg.
1488 1653 1527 1683 et
1546 1649 1690 1684 Pirckli.

959 1715 1060 1739 nunc
1083 1715 1237 1751 quoque.

1004 1773 1036 1806 4.
1072 1765 1280 1817 Offioiique.
1325 1774 1424 1807 Busl.
1444 1770 1690 1816 officiumque.

960 1829 1075 1870 Idem,
1098 1829 1194 1862 Gall.
1219 1833 1257 1863 et
1278 1831 1381 1863 Leid.
1401 1829 1477 1872 pit}
1500 1829 1565 1861 sed
1585 1825 1692 1868 pium

960 1887 1064 1916 recte
1087 1885 1210 1928 habet,
1233 1886 1414 1918 translato
1438 1886 1484 1918 ad
1509 1892 1602 1918 onus
1623 1884 1692 1915 ad-

961 1940 1112 1982 iectivo,
1127 1943 1221 1981 quod
1237 1941 1386 1983 proprie
1400 1941 1447 1973 ad
1464 1938 1583 1982 officii
1605 1947 1694 1979 per-

962 1996 1076 2038 tinet,
1110 2005 1179 2037 quo
1213 2004 1282 2028 usu
1313 1996 1401 2028 nihil
1433 1996 1529 2037 apud
1563 1994 1692 2035 poe-tas

961 2053 1187 2093 frequentius
1215 2054 1282 2084 est.
1327 2054 1424 2085 Mor.
1431 2073 1446 2094 ‚
1475 2051 1553 2083 Put.
1575 2052 1614 2082 et
1635 2050 1691 2081 ed.

961 2109 1100 2140 Bouon.
1124 2115 1229 2147 opus.

1006 2181 1038 2210 5.
1071 2177 1240 2210 sarcina
1270 2185 1354 2210 sum
1381 2176 1523 2220 fateor.
1589 2175 1692 2210 Gonf.

965 2236 1036 2275 111,
1060 2234 1117 2275 15,
1141 2233 1194 2266 16.

1014 2288 1196 2328 Tempore
1217 2288 1328 2320 duro.
1373 2291 1431 2321 Ita
1452 2290 1543 2329 Reg.
1566 2296 1634 2328 pro
1656 2296 1693 2320 v.

965 2353 1052 2387 scr„
1076 2346 1173 2386 1un.,
1203 2343 1321 2386 Leid.,
1350 2345 1437 2376 xm
1464 2344 1528 2376 alii
1556 2343 1693 2384 Heius„

965 2399 1116 2441 Dresd.,
1143 2398 1239 2441 Bel„
1269 2398 1393 2441 Crem,
1415 2399 1521 2431 Bern.
1545 2400 1582 2430 et
1602 2399 1693 2431 vett.

966 2455 1045 2486 edd.
1069 2471 1110 2476 —
1133 2455 1210 2486 Put.
1234 2457 1271 2486 et
1293 2455 1554 2496 Seg.tempore
1576 2453 1693 2500 nullo.

967 2510 1063 2542 Gall.
1087 2511 1124 2541 et
1147 2511 1183 2541 11
1196 2510 1258 2541 alii
1272 2510 1440 2550 tempore
1460 2509 1580 2550 longo.
1614 2508 1693 2540 Pol.
1744 2530 1751 2534 a

968 2566 1014 2608 1.,
1037 2565 1114 2598 Pal.
1136 2566 1182 2608 2.,
1205 2567 1361 2608 Bet-sm„
1386 2565 1481 2597 Busl.
1505 2567 1542 2596 et
1562 2563 1695 2605 reliqui

967 2623 1089 2654 Heius.
1119 2621 1287 2662 tempore
1317 2620 1461 2659 nostro,
1487 2627 1578 2660 quae
1598 2619 1693 2651 scri-

966 2679 1077 2718 ptura
1099 2684 1119 2708 e
1142 2676 1268 2717 glossa
1290 2678 1393 2708 nata:
1418 2675 1584 2715 tempore
1596 2674 1692 2706 duro

965 2732 1110 2763 nostro.
1173 2723 1364 2771 Scriptura
1397 2730 1501 2768 dura
1535 2730 1572 2761 et
1603 2730 1694 2762 vett.

966 2787 1068 2820 libris
1092 2790 1130 2819 et
1153 2796 1187 2817 v.
1210 2794 1284 2826 seq.
1305 2783 1482 2826 fluctibus
1501 2785 1538 2816 in
1563 2773 1696 2817 mediis

966 2844 1200 2876 confirmatur
1229 2851 1261 2882 q.
1292 2849 1323 2872 e.
1364 2840 1508 2880 tempus
1542 2840 1693 2881 durum,

967 2898 1061 2940 quod
1085 2896 1198 2939 poeta
1219 2897 1252 2928 Ιι.
1275 2896 1299 2928 l.
1322 2894 1512 2938 significat.

1810 2516 1846 2786 ⁴
