1846 3146
204 139 304 191 138

453 142 510 192 Ρ.
547 143 772 195 0V1D11
805 143 1123 198 NASONIS
1159 147 1506 228 TRISTIUM

207 261 437 313 Carmina
468 264 710 328 fecerunt,
746 273 800 318 ut
829 284 908 319 me
940 285 1199 336 moresque
1231 276 1428 323 notaret

264 347 366 395 Iam
405 347 595 414 pridem
628 352 742 400 visa
775 349 965 402 Caesar
997 353 1060 403 ab
1094 353 1225 402 Arte
1259 370 1409 404 meos.

197 429 355 479 Deme
388 431 503 480 mihi
536 419 773 495 stu'dium3
808 437 946 485 vitae
980 452 1172 502 quoque
1209 439 1409 487 crimina
1443 438 1636 489 demes:

262 514 539 581 Acceptum
570 516 737 566 refero
772 519 1001 569 versibus
1035 536 1149 577 esse
1182 535 1383 586 nocens.

179 648 303 681 'docet
323 659 360 681 v.
383 649 414 682 8.
441 651 478 681 et
501 650 605 683 Pont.
626 653 676 693 11,
699 654 735 694 5,
748 654 779 684 5.
793 653 823 685 6.
855 653 928 685 Sed

191 713 274 736 meo
287 707 389 737 recte
401 700 530 747 habet3
555 707 688 739 dictum
700 709 808 750 enim,
833 708 928 741 omi-

191 769 239 793 ne
262 760 432 803 infausto
455 770 554 803 meo,
585 772 656 803 quo
687 765 793 796 modo
823 767 927 798 malo

192 826 273 850 meo
296 818 347 861 V,
372 817 406 860 1,
430 817 484 850 44.
509 834 552 839 ——
573 819 700 851 Patav.
722 827 837 853 meae.

235 895 266 927 7.
295 890 361 928 Me
380 893 591 940 moresque.
639 898 743 932 Conf.
762 901 794 942 Ι,
813 902 849 942 9,
872 902 926 934 59.

188 958 286 992 seqq.
310 967 356 973 —
377 951 557 985 Notaret.
604 954 708 988 Conf.
731 966 767 988 v.
789 957 866 990 541.

233 1028 264 1059 8.
300 1028 387 1060 Iam
414 1030 566 1070 pridem
596 1032 690 1064 visa.
753 1035 838 1067 Vat.
877 1034 924 1076 1.,

188 1084 267 1115 Pol,
291 1085 348 1129 2.,Ι
362 1086 439 1117 Pal.
462 1087 495 1118 2.
527 1091 564 1120 et
593 1091 742 1128 quartus
771 1089 924 1131 Heinsii,

188 1142 226 1171 et
250 1140 370 1172 Guelf.
394 1139 472 1172 iam
507 1142 653 1174 demum
675 1142 770 1175 visa.
827 1145 923 1187 Put.‚

189 1195 301 1236 Gall„
324 1197 420 1227 Mor.
451 1204 474 1228 a
509 1197 538 1229 1.
569 1207 634 1240 m.,
669 1200 798 1242 Serv.,
832 1203 924 1244 1un.,

186 1251 319 1283 Franc.
332 1273 347 1292 ,
417 1254 451 1285 X
491 1253 555 1285 alii
595 1254 731 1286 Heinsii
742 1277 756 1298 ,
802 1258 924 1299 Rern„

187 1307 283 1349 Rel.,
314 1309 449 1350 Berol.,
481 1308 605 1351 Crev.,
639 1311 783 1352 Dresd.,
816 1312 923 1345 Goth.

186 1360 264 1393 iam
285 1362 437 1404 pridem
460 1363 555 1396 visa.
607 1366 751 1406 Reliqui
775 1370 811 1399 et
833 1363 922 1400 'vett

186 1418 266 1449 edd.
289 1417 366 1449 iam
382 1418 532 1459 pridem
547 1412 682 1453 invisa.
729 1424 924 1465 Scriptura

183 1471 262 1504 iam
284 1474 431 1507 demum
454 1474 539 1508 visa
555 1477 649 1510 'nihil
679 1481 923 1520 probabilita-

185 1529 231 1561 tis
254 1530 374 1564 habet.
420 1529 513 1573 Quid
537 1530 658 1567 enim?
692 1544 775 1567 num
799 1537 923 1569 credi-

184 1585 257 1617 bile
282 1589 351 1629 est,
376 1590 593 1632 Augustum,
625 1591 686 1632 qui
710 1594 832 1624 tantus
854 1594 922 1624 ad-

182 1642 337 1676 mirator
348 1643 542 1685 poetarum
566 1649 658 1688 erat,
681 1649 802 1680 tantus
818 1657 920 1680 ama·

183 1699 243 1730 tor
255 1700 512 1743 nequitiarum,
525 1702 830 1744 elegantissimam
842 1702 921 1737 Na-

181 1755 282 1787 sonis
306 1757 435 1789 Artem
462 1760 677 1791 amatorium
700 1761 828 1800 postX
852 1761 919 1792 de-

182 1818 278 1842 mum
312 1819 428 1844 annos
462 1814 551 1851 (vid.
587 1816 633 1846 ad
668 1825 702 1847 v.
732 1816 826 1854 545.)
860 1817 918 1849 in-

131 1903 136 1908 *
179 1862 373 1905 spuisse?
402 1869 558 1901 Restant
580 1868 658 1901 iam
679 1871 831 1911 pridem
853 1872 917 1905 in-

179 1918 264 1951 visa
287 1924 324 1953 et
346 1921 424 1953 iam
444 1924 597 1964 pridem
620 1926 716 1968 visa,
742 1935 762 1958 e
786 1929 915 1968 quibus

180 1976 285 2016 prior
306 1979 510 2020 Augustum
530 1984 677 2014 vetusto
694 1983 915 2023 potissimum

181 2033 265 2065 odio
295 2035 342 2065 ad
372 2036 538 2068 exsilium
571 2037 686 2078 ipsum
725 2039 917 2072 damnasse

180 2086 282 2130 dicit,
307 2089 429 2121 altera
452 2095 602 2124 accusat
615 2094 723 2134 quod,
746 2094 835 2125 licet
855 2095 916 2127 diu

178 2146 306 2178 Artem
323 2147 483 2188 noverit,
503 2151 539 2179 et
563 2151 668 2180 vetus
694 2149 829 2181 crimen
853 2150 915 2193 sit,

179 2208 226 2232 ex
250 2208 294 2232 ea
320 2209 485 2235 caussam
509 2205 638 2236 exsilio
667 2212 709 2236 se
742 2206 916 2238 multandi

178 2257 388 2299 repetierit3
413 2267 504 2299 quae
538 2260 678 2300 quidem
714 2262 914 2305 scriptura,

178 2321 258 2345 cum
272 2314 508 2354 plurimorum
523 2317 687 2349 codicum
707 2317 912 2350 auctorita-

178 2372 250 2401 tem
284 2370 420 2402 habere
449 2372 642 2415 videatur,
690 2374 758 2406 hoc
797 2374 911 2415 magis

177 2432 255 2456 eam
280 2427 560 2465 praeferendam
588 2436 670 2460 esse
693 2430 911 2471 putavimus,

180 2482 273 2520 quod
298 2482 394 2514 infra
417 2493 452 2515 v.
476 2483 553 2516 540.
581 2486 707 2517 eadem
729 2486 912 2518 sententia

175 2538 366 2577 repetitur.
398 2556 442 2562 -—
472 2542 571 2572 Unus
593 2541 678 2573 Vat.
701 2550 846 2581 summa
869 2540 908 2574 0.

178 2594 225 2626 ab
249 2595 347 2626 arte.
396 2597 515 2638 Ber-n„
540 2597 618 2628 Bul.
641 2599 678 2628 et
697 2599 909 2632 Crev.mea.

177 2669 220 2674 —
242 2652 287 2684 V.
312 2653 342 2684 9.
376 2652 476 2683 Leid.
499 2651 601 2684 vitae
624 2652 723 2684 milei.

219 2736 273 2768 10.
308 2734 514 2775 Acceptum
553 2737 615 2768 vel
642 2736 681 2767 in
711 2737 908 2778 acceptum

172 2791 326 2834 referre
348 2793 500 2832 proprie
524 2795 580 2824 est
602 2793 765 2825 seribere
789 2794 825 2824 in
849 2795 907 2825 ta-

173 2845 268 2879 bulis
290 2848 545 2888 (acceptorum
569 2853 607 2881 et
631 2849 907 2890 expensorum),

1669 523 1736 573 1⁰

997 657 1034 687 te
1056 656 1250 697 accepisse
1273 657 1395 695 (cuius
1433 657 1658 690 contrarium
1679 660 1736 691 est

997 719 1203 752 eoepensum
1244 712 1435 755 τῆσγε),
1481 715 1518 745 et
1562 713 1735 746 universe

994 766 1139 798 debere.
1184 768 1288 799 Talia
1312 770 1419 802 etiam
1443 769 1480 801 in
1500 769 1605 801 malis
1623 770 1734 802 rebus

995 822 1185 864 usurpari,
1216 824 1391 865 exemplis
1422 825 1529 857 docui
1567 826 1613 857 ad
1644 826 1737 858 Her.

993 878 1058 919 XI,
1082 877 1159 910 128.
1206 878 1310 911 Conf.
1333 880 1442 912 Trist.
1462 882 1511 922 11,
1531 882 1587 913 90.
1630 881 1732 914 Leid.

993 934 1031 964 et
1051 933 1139 965 VIII
1161 934 1225 966 alii
1249 935 1371 968 Heius.
1395 934 1573 977 acceptis.

1035 1016 1130 1049 Esse
1153 1026 1301 1060 nocens,
1321 1018 1423 1059 quasi
1444 1026 1514 1060 per
1532 1019 1729 1053 attractio-

991 1081 1073 1105 nem
1098 1083 1202 1114 quam
1219 1077 1370 1117 vocant,
1384 1073 1628 1107 nominativus
1647 1072 1728 1107 cu'm

989 1129 1053 1161 inf.
1079 1139 1147 1171 pro
1171 1139 1293 1163 accuS.
1311 1139 1391 1163 cum
1402 1131 1465 1162 inf.
1512 1129 1627 1172 Quam
1639 1139 1729 1176 ver-¹

991 1184 1118 1216 borum
1132 1185 1430 1226 compositionem
1446 1186 1569 1218 tritam
1586 1189 1624 1218 et
1642 1178 1729 1218 'vul-

990 1243 1118 1282 garem
1150 1242 1189 1273 in
1220 1241 1345 1273 verbis
1386 1242 1495 1279 volo,
1541 1240 1654 1281 cupio
1689 1243 1728 1274 et

990 1296 1117 1336 paucis
1147 1296 1255 1339 aliis,
1285 1296 1420 1338 poetae
1454 1304 1591 1329 aureae
1620 1299 1726 1329 aeta-

991 1351 1050 1393 tis,
1075 1359 1211 1383 morem
1235 1352 1417 1384 Graecum
1436 1352 1634 1395 imitantes,
1658 1360 1727 1384 ex-

991 1408 1205 1449 tenderunt,
1237 1409 1331 1439 unde
1355 1410 1487 1449 postea
1508 1409 1544 1440 in
1567 1409 1727 1441 solutam

990 1471 1132 1503 quoque
1155 1463 1358 1496 orationem
1382 1463 1539 1496 transiit.
1584 1465 1647 1496 Sic
1670 1462 1729 1496 ait

990 1527 1071 1550 cum
1100 1527 1194 1550 nom.
1227 1522 1264 1551 et
1300 1519 1364 1550 inf.
1397 1523 1600 1559 posuerunt
1636 1522 1726 1554 Hor.

990 1575 1103 1614 Epist.
1127 1576 1159 1616 1,
1182 1575 1218 1616 7,
1252 1575 1306 1606 22.
1331 1576 1368 1606 et
1391 1573 1557 1607 Catullus
1580 1577 1648 1617 1v,
1671 1577 1721 1618 2.,

990 1629 1097 1670 Virg.
1126 1631 1170 1662 A.
1203 1630 1260 1672 11,
1293 1629 1370 1661 377.
1398 1630 1527 1663 sensit.
1573 1633 1654 1664 Art.
1678 1634 1723 1665 A.

988 1686 1020 1728 1,
1045 1686 1122 1718 345.

1054 1750 1138 1783 Quae
1162 1749 1236 1778 dant
1260 1758 1398 1787 quaeque
1423 1753 1555 1786 negant,
1589 1751 1728 1786 gaudent,

985 1831 1098 1864 Amor
1132 1833 1168 1863 n
1204 1832 1224 1864 4
1266 1830 1308 1864 14
1385 1802 1455 1824 esse
1472 1798 1609 1831 rogatae.

1100 1855 1109 1864 .
1166 1853 1182 1875 ,
1226 1854 1240 1874 ,
1262 1870 1274 1879 ἱ
1312 1854 1320 1862 .

1050 1906 1200 1943 spemque
1226 1907 1295 1941 dat,
1329 1906 1361 1934 in
1390 1906 1475 1935 molli
1506 1907 1627 1936 mobilis
1651 1914 1721 1936 esso

1385 1954 1464 1981 toro.

983 2000 1072 2031 Met.
1095 2000 1195 2042 xm,
1221 1999 1296 2033 141.

1047 2089 1334 2095 ——————
1351 2074 1422 2110 qnia
1439 2074 1546 2102 retulit
1561 2073 1652 2109 Aiax,

1046 2119 1125 2147 Esse
1143 2118 1225 2147 Iovis
1243 2126 1404 2154 pronepos.

981 2189 1085 2221 Pont.
1110 2190 1142 2230 Ι,
1166 2191 1203 2231 5,
1229 2190 1283 2221 65.

1046 2265 1122 2300 Hoc,
1140 2263 1192 2292 ubi
1209 2264 1381 2299 vivendum,
1400 2264 1475 2292 satis
1493 2268 1542 2294 est
1559 2265 1587 2294 si
1604 2273 1715 2295 conse-

1378 2317 1454 2345 quor
1471 2318 1555 2338 arvo.

1094 2352 1179 2380 Inter
1212 2352 1391 2382 inhumanos
1427 2362 1495 2383 esso
1529 2357 1620 2391 poeta
1652 2355 1713 2386 Ge-

1378 2402 1435 2429 tas.

977 2444 1086 2479 Trist.
1110 2447 1178 2489 IV,
1200 2449 1237 2490 8,
1261 2449 1316 2493 30.

1044 2521 1200 2556 Optabam‚
1218 2521 1338 2558 placide
1355 2523 1460 2551 vivere
1476 2529 1567 2557 posse
1584 2530 1688 2552 senex.

977 2591 1191 2630 Propertius
1233 2594 1421 2632 utramque
1461 2593 1710 2625 constructio-

978 2654 1058 2677 nem
1082 2647 1267 2679 coniunxit
1289 2648 1355 2690 m,
1378 2647 1414 2689 4,
1437 2647 1491 2680 40.

1042 2721 1092 2749 lle
1118 2729 1237 2757 quoque
1263 2720 1414 2750 consimili
1444 2721 1615 2755 impositum
1643 2724 1708 2750 tor-

1372 2765 1459 2802 quiet
1476 2765 1540 2801 igni

1093 2812 1218 2846 lumbo,
1253 2814 1286 2840 et
1317 2811 1365 2839 bis
1399 2818 1453 2838 sex
1487 2811 1607 2846 integer
1638 2818 1708 2840 esse

1370 2855 1445 2884 dies.
1711 2863 1713 2867 ⁴
