<?xml version="1.0" encoding="UTF-8"?>
<!DOCTYPE html PUBLIC "-//W3C//DTD XHTML 1.0 Transitional//EN"
    "http://www.w3.org/TR/xhtml1/DTD/xhtml1-transitional.dtd">
<html xmlns="http://www.w3.org/1999/xhtml" xml:lang="en" lang="en">
 <head>
  <title>
</title>
<meta http-equiv="Content-Type" content="text/html;charset=utf-8" />
  <meta name='ocr-system' content='tesseract 3.04.00' />
  <meta name='ocr-capabilities' content='ocr_page ocr_carea ocr_par ocr_line ocrx_word'/>
</head>
<body>
  <div class='ocr_page' id='page_1' title='image "./tristiumlibriqui00oviduoft_0282.png"; bbox 0 0 1846 3146; ppageno 0'>
   <div class='ocr_carea' id='block_1_1' title="bbox 173 189 271 238">
    <p class='ocr_par' dir='ltr' id='par_1_1' title="bbox 173 189 271 238">
     <span class='ocr_line' id='line_1_1' title="bbox 173 189 271 238; baseline 0.01 -1"><span class='ocrx_word' id='word_1_1' title='bbox 173 189 271 238; x_wconf 73' lang='lat'><strong><em>244</em></strong></span> 
     </span>
    </p>
   </div>
   <div class='ocr_carea' id='block_1_2' title="bbox 412 185 1452 240">
    <p class='ocr_par' dir='ltr' id='par_1_2' title="bbox 412 185 1452 240">
     <span class='ocr_line' id='line_1_2' title="bbox 412 185 1452 240; baseline 0.004 -4"><span class='ocrx_word' id='word_1_2' title='bbox 412 188 469 237; x_wconf 89' lang='grc' dir='ltr'><strong><em>Ρ.</em></strong></span> <span class='ocrx_word' id='word_1_3' title='bbox 506 186 728 237; x_wconf 89' lang='lat' dir='ltr'>0V1D11</span> <span class='ocrx_word' id='word_1_4' title='bbox 762 186 1077 240; x_wconf 83' lang='lat' dir='ltr'>NASONIS</span> <span class='ocrx_word' id='word_1_5' title='bbox 1111 185 1452 240; x_wconf 79' lang='lat' dir='ltr'><strong><em>&#39;rmsTIUM</em></strong></span> 
     </span>
    </p>
   </div>
   <div class='ocr_carea' id='block_1_3' title="bbox 691 368 1205 436">
    <p class='ocr_par' dir='ltr' id='par_1_3' title="bbox 691 368 1205 436">
     <span class='ocr_line' id='line_1_3' title="bbox 691 368 1205 436; baseline 0.004 -4"><span class='ocrx_word' id='word_1_6' title='bbox 691 385 1032 434; x_wconf 58' lang='lat' dir='ltr'><strong><em>Emeum</em></strong></span> <span class='ocrx_word' id='word_1_7' title='bbox 1073 388 1169 436; x_wconf 88' lang='lat'><strong><em>11.</em></strong></span> <span class='ocrx_word' id='word_1_8' title='bbox 1200 368 1205 372; x_wconf 58' lang='lat'>‘</span> 
     </span>
    </p>
   </div>
   <div class='ocr_carea' id='block_1_4' title="bbox 222 492 1701 542">
    <p class='ocr_par' dir='ltr' id='par_1_4' title="bbox 222 492 1701 542">
     <span class='ocr_line' id='line_1_4' title="bbox 222 492 1701 542; baseline 0 -10"><span class='ocrx_word' id='word_1_9' title='bbox 222 499 344 533; x_wconf 67' lang='grc' dir='ltr'><strong><em>Ροέία</em></strong></span> <span class='ocrx_word' id='word_1_10' title='bbox 368 498 603 532; x_wconf 79' lang='lat' dir='ltr'><strong><em>lamentabili</em></strong></span> <span class='ocrx_word' id='word_1_11' title='bbox 635 492 804 532; x_wconf 77' lang='lat' dir='ltr'><strong><em>carmine</em></strong></span> <span class='ocrx_word' id='word_1_12' title='bbox 825 499 1003 533; x_wconf 76' lang='lat' dir='ltr'><em>miseram</em></span> <span class='ocrx_word' id='word_1_13' title='bbox 1026 500 1152 534; x_wconf 74' lang='lat' dir='ltr'><strong><em>exsilii</em></strong></span> <span class='ocrx_word' id='word_1_14' title='bbox 1174 501 1315 534; x_wconf 76' lang='lat' dir='ltr'><strong><em>sortem</em></strong></span> <span class='ocrx_word' id='word_1_15' title='bbox 1336 499 1517 542; x_wconf 59' lang='lat' dir='ltr'><strong><em>deplorat</em></strong></span> <span class='ocrx_word' id='word_1_16' title='bbox 1537 499 1575 535; x_wconf 80' lang='lat' dir='ltr'><strong><em>et</em></strong></span> <span class='ocrx_word' id='word_1_17' title='bbox 1594 507 1701 532; x_wconf 80' lang='lat' dir='ltr'><strong><em>mor-</em></strong></span> 
     </span>
    </p>
   </div>
   <div class='ocr_carea' id='block_1_5' title="bbox 261 553 509 596">
    <p class='ocr_par' dir='ltr' id='par_1_5' title="bbox 261 553 509 596">
     <span class='ocr_line' id='line_1_5' title="bbox 261 553 509 596; baseline -0.012 -7"><span class='ocrx_word' id='word_1_18' title='bbox 261 556 336 589; x_wconf 80' lang='lat' dir='ltr'><strong><em>tem</em></strong></span> <span class='ocrx_word' id='word_1_19' title='bbox 359 553 509 596; x_wconf 75' lang='lat' dir='ltr'><strong><em>evpetit.</em></strong></span> 
     </span>
    </p>
   </div>
   <div class='ocr_carea' id='block_1_6' title="bbox 357 608 1549 652">
    <p class='ocr_par' dir='ltr' id='par_1_6' title="bbox 357 608 1549 652">
     <span class='ocr_line' id='line_1_6' title="bbox 357 608 1549 652; baseline 0.001 -9"><span class='ocrx_word' id='word_1_20' title='bbox 357 610 542 643; x_wconf 82' lang='lat' dir='ltr'><strong><em>Videntur</em></strong></span> <span class='ocrx_word' id='word_1_21' title='bbox 565 617 644 642; x_wconf 79' lang='lat' dir='ltr'><strong><em>esse</em></strong></span> <span class='ocrx_word' id='word_1_22' title='bbox 662 608 780 651; x_wconf 80' lang='lat' dir='ltr'><strong><em>primi</em></strong></span> <span class='ocrx_word' id='word_1_23' title='bbox 799 610 890 652; x_wconf 81' lang='lat' dir='ltr'><strong><em>post</em></strong></span> <span class='ocrx_word' id='word_1_24' title='bbox 910 612 1112 644; x_wconf 82' lang='lat' dir='ltr'><strong><em>adventum</em></strong></span> <span class='ocrx_word' id='word_1_25' title='bbox 1133 610 1174 644; x_wconf 79' lang='lat' dir='ltr'><strong><em>in</em></strong></span> <span class='ocrx_word' id='word_1_26' title='bbox 1195 610 1389 652; x_wconf 75' lang='lat' dir='ltr'><strong><em>Scythiam</em></strong></span> <span class='ocrx_word' id='word_1_27' title='bbox 1410 619 1549 644; x_wconf 66' lang='lat' dir='ltr'><strong><em>sensus.</em></strong></span> 
     </span>
    </p>
   </div>
   <div class='ocr_carea' id='block_1_7' title="bbox 152 717 1637 1036">
    <p class='ocr_par' dir='ltr' id='par_1_7' title="bbox 176 717 1637 868">
     <span class='ocr_line' id='line_1_7' title="bbox 176 717 1637 786; baseline 0 -16"><span class='ocrx_word' id='word_1_28' title='bbox 176 720 316 785; x_wconf 83' lang='lat' dir='ltr'><strong><em>Ergo</em></strong></span> <span class='ocrx_word' id='word_1_29' title='bbox 351 724 457 768; x_wconf 87' lang='lat' dir='ltr'><strong><em>erat</em></strong></span> <span class='ocrx_word' id='word_1_30' title='bbox 488 721 539 767; x_wconf 92' lang='lat' dir='ltr'><strong><em>in</em></strong></span> <span class='ocrx_word' id='word_1_31' title='bbox 573 719 688 768; x_wconf 79' lang='lat' dir='ltr'><strong><em>fatis</em></strong></span> <span class='ocrx_word' id='word_1_32' title='bbox 723 717 980 785; x_wconf 82' lang='lat' dir='ltr'><strong>Scythiam</strong></span> <span class='ocrx_word' id='word_1_33' title='bbox 1015 736 1206 786; x_wconf 88' lang='lat' dir='ltr'><strong><em>quoque</em></strong></span> <span class='ocrx_word' id='word_1_34' title='bbox 1240 722 1407 771; x_wconf 85' lang='lat' dir='ltr'><strong><em>visere</em></strong></span> <span class='ocrx_word' id='word_1_35' title='bbox 1441 722 1637 781; x_wconf 80' lang='lat' dir='ltr'><strong><em>nostris,</em></strong></span> 
     </span>
     <span class='ocr_line' id='line_1_8' title="bbox 244 801 1391 868; baseline 0.001 -17"><span class='ocrx_word' id='word_1_36' title='bbox 244 801 476 868; x_wconf 80' lang='lat' dir='ltr'><strong><em>Quaeque</em></strong></span> <span class='ocrx_word' id='word_1_37' title='bbox 508 801 767 868; x_wconf 84' lang='lat' dir='ltr'><strong><em>Lycaonio</em></strong></span> <span class='ocrx_word' id='word_1_38' title='bbox 802 807 936 851; x_wconf 87' lang='lat' dir='ltr'><strong><em>terra</em></strong></span> <span class='ocrx_word' id='word_1_39' title='bbox 968 804 1058 852; x_wconf 85' lang='lat' dir='ltr'><strong><em>sub</em></strong></span> <span class='ocrx_word' id='word_1_40' title='bbox 1093 819 1188 853; x_wconf 84' lang='lat' dir='ltr'><strong><em>axe</em></strong></span> <span class='ocrx_word' id='word_1_41' title='bbox 1222 802 1391 854; x_wconf 72' lang='lat' dir='ltr'><strong><em>iacet?</em></strong></span> 
     </span>
    </p>

    <p class='ocr_par' dir='ltr' id='par_1_8' title="bbox 152 883 1484 952">
     <span class='ocr_line' id='line_1_9' title="bbox 152 883 1484 952; baseline -0.001 -16"><span class='ocrx_word' id='word_1_42' title='bbox 152 884 292 936; x_wconf 64' lang='lat' dir='ltr'><strong><em>&#39;Nee</em></strong></span> <span class='ocrx_word' id='word_1_43' title='bbox 323 900 435 946; x_wconf 74' lang='lat' dir='ltr'><strong><em>VOS,</em></strong></span> <span class='ocrx_word' id='word_1_44' title='bbox 469 883 712 944; x_wconf 77' lang='lat' dir='ltr'><strong><em>Pierides,</em></strong></span> <span class='ocrx_word' id='word_1_45' title='bbox 748 899 842 934; x_wconf 87' lang='lat' dir='ltr'><strong><em>nee</em></strong></span> <span class='ocrx_word' id='word_1_46' title='bbox 874 888 1022 952; x_wconf 82' lang='lat' dir='ltr'>stirps</span> <span class='ocrx_word' id='word_1_47' title='bbox 1055 885 1279 947; x_wconf 82' lang='lat' dir='ltr'><strong><em>Latonia,</em></strong></span> <span class='ocrx_word' id='word_1_48' title='bbox 1313 891 1484 936; x_wconf 82' lang='lat' dir='ltr'><strong><em>vestro</em></strong></span> 
     </span>
    </p>

    <p class='ocr_par' dir='ltr' id='par_1_9' title="bbox 243 966 1361 1036">
     <span class='ocr_line' id='line_1_10' title="bbox 243 966 1361 1036; baseline 0 -18"><span class='ocrx_word' id='word_1_49' title='bbox 243 967 408 1018; x_wconf 83' lang='lat' dir='ltr'><strong><em>Docta</em></strong></span> <span class='ocrx_word' id='word_1_50' title='bbox 438 966 689 1016; x_wconf 86' lang='lat' dir='ltr'><strong><em>sacerdoti</em></strong></span> <span class='ocrx_word' id='word_1_51' title='bbox 720 968 861 1017; x_wconf 85' lang='lat' dir='ltr'><strong><em>turba</em></strong></span> <span class='ocrx_word' id='word_1_52' title='bbox 893 968 1074 1017; x_wconf 82' lang='lat' dir='ltr'><strong><em>tulistis</em></strong></span> <span class='ocrx_word' id='word_1_53' title='bbox 1110 967 1285 1036; x_wconf 71' lang='lat' dir='ltr'><strong><em>opem?</em></strong></span> <span class='ocrx_word' id='word_1_54' title='bbox 1356 1003 1361 1007; x_wconf 87' lang='lat'><em>-</em></span> 
     </span>
    </p>
   </div>
   <div class='ocr_carea' id='block_1_8' title="bbox 422 1117 669 1151">
    <p class='ocr_par' dir='ltr' id='par_1_10' title="bbox 422 1117 669 1151">
     <span class='ocr_line' id='line_1_11' title="bbox 422 1117 669 1151; baseline -0.008 0"><span class='ocrx_word' id='word_1_55' title='bbox 422 1117 603 1151; x_wconf 81' lang='lat' dir='ltr'><strong>ELEGIA</strong></span> <span class='ocrx_word' id='word_1_56' title='bbox 625 1118 669 1149; x_wconf 92' lang='lat'><strong><em>11.</em></strong></span> 
     </span>
    </p>
   </div>
   <div class='ocr_carea' id='block_1_9' title="bbox 179 1193 917 1451">
    <p class='ocr_par' dir='ltr' id='par_1_11' title="bbox 179 1193 917 1451">
     <span class='ocr_line' id='line_1_12' title="bbox 223 1193 913 1238; baseline -0.004 -8"><span class='ocrx_word' id='word_1_57' title='bbox 223 1198 304 1230; x_wconf 80' lang='lat' dir='ltr'><strong><em>Boo</em></strong></span> <span class='ocrx_word' id='word_1_58' title='bbox 349 1202 498 1229; x_wconf 81' lang='lat' dir='ltr'><strong><em>carmen</em></strong></span> <span class='ocrx_word' id='word_1_59' title='bbox 541 1194 579 1227; x_wconf 86' lang='lat' dir='ltr'><strong><em>in</em></strong></span> <span class='ocrx_word' id='word_1_60' title='bbox 616 1193 693 1226; x_wconf 86' lang='lat' dir='ltr'><strong><em>Pal.</em></strong></span> <span class='ocrx_word' id='word_1_61' title='bbox 728 1194 774 1237; x_wconf 88' lang='lat'><strong><em>1.,</em></strong></span> <span class='ocrx_word' id='word_1_62' title='bbox 818 1196 913 1238; x_wconf 84' lang='lat' dir='ltr'><strong><em>Put.,</em></strong></span> 
     </span>
     <span class='ocr_line' id='line_1_13' title="bbox 184 1250 915 1295; baseline -0.005 -9"><span class='ocrx_word' id='word_1_63' title='bbox 184 1253 343 1295; x_wconf 56' lang='lat' dir='ltr'><strong><em>Franc„</em></strong></span> <span class='ocrx_word' id='word_1_64' title='bbox 388 1250 559 1293; x_wconf 82' lang='lat' dir='ltr'><strong><em>Pirckh.,</em></strong></span> <span class='ocrx_word' id='word_1_65' title='bbox 603 1251 733 1292; x_wconf 65' lang='lat' dir='ltr'><strong><em>sem,</em></strong></span> <span class='ocrx_word' id='word_1_66' title='bbox 778 1252 915 1294; x_wconf 88' lang='lat' dir='ltr'><strong><em>Berol.,</em></strong></span> 
     </span>
     <span class='ocr_line' id='line_1_14' title="bbox 180 1307 914 1350; baseline -0.003 -9"><span class='ocrx_word' id='word_1_67' title='bbox 180 1308 296 1350; x_wconf 86' lang='lat' dir='ltr'><strong><em>Busl.,</em></strong></span> <span class='ocrx_word' id='word_1_68' title='bbox 318 1308 372 1339; x_wconf 92' lang='lat' dir='ltr'><strong><em>ed.</em></strong></span> <span class='ocrx_word' id='word_1_69' title='bbox 403 1315 457 1348; x_wconf 82' lang='lat' dir='ltr'><strong><em>pr.</em></strong></span> <span class='ocrx_word' id='word_1_70' title='bbox 491 1308 529 1339; x_wconf 89' lang='lat' dir='ltr'><strong><em>et</em></strong></span> <span class='ocrx_word' id='word_1_71' title='bbox 558 1307 613 1338; x_wconf 90' lang='lat' dir='ltr'><strong><em>ed.</em></strong></span> <span class='ocrx_word' id='word_1_72' title='bbox 647 1307 782 1338; x_wconf 86' lang='lat' dir='ltr'><strong><em>Bonon.</em></strong></span> <span class='ocrx_word' id='word_1_73' title='bbox 805 1315 914 1348; x_wconf 90' lang='lat' dir='ltr'><strong><em>supe-</em></strong></span> 
     </span>
     <span class='ocr_line' id='line_1_15' title="bbox 180 1361 917 1403; baseline -0.004 -7"><span class='ocrx_word' id='word_1_74' title='bbox 180 1363 272 1397; x_wconf 82' lang='lat' dir='ltr'><strong><em>riori</em></strong></span> <span class='ocrx_word' id='word_1_75' title='bbox 303 1363 487 1396; x_wconf 80' lang='lat' dir='ltr'><strong><em>cohaeret.</em></strong></span> <span class='ocrx_word' id='word_1_76' title='bbox 540 1363 646 1395; x_wconf 83' lang='lat' dir='ltr'><strong><em>Serv.</em></strong></span> <span class='ocrx_word' id='word_1_77' title='bbox 684 1361 836 1403; x_wconf 90' lang='lat' dir='ltr'><strong><em>primum</em></strong></span> <span class='ocrx_word' id='word_1_78' title='bbox 860 1362 917 1393; x_wconf 91' lang='lat' dir='ltr'><strong><em>di-</em></strong></span> 
     </span>
     <span class='ocr_line' id='line_1_16' title="bbox 179 1417 562 1451; baseline -0.008 0"><span class='ocrx_word' id='word_1_79' title='bbox 179 1418 324 1451; x_wconf 83' lang='lat' dir='ltr'><strong><em>stichon</em></strong></span> <span class='ocrx_word' id='word_1_80' title='bbox 345 1427 420 1450; x_wconf 90' lang='lat' dir='ltr'><strong><em>non</em></strong></span> <span class='ocrx_word' id='word_1_81' title='bbox 443 1417 562 1449; x_wconf 84' lang='lat' dir='ltr'><strong><em>habet.</em></strong></span> 
     </span>
    </p>
   </div>
   <div class='ocr_carea' id='block_1_10' title="bbox 183 1493 920 2199">
    <p class='ocr_par' dir='ltr' id='par_1_12' title="bbox 183 1493 920 2199">
     <span class='ocr_line' id='line_1_17' title="bbox 226 1493 915 1536; baseline -0.001 -9"><span class='ocrx_word' id='word_1_82' title='bbox 226 1493 257 1527; x_wconf 89' lang='lat'><strong><em>1.</em></strong></span> <span class='ocrx_word' id='word_1_83' title='bbox 291 1493 399 1536; x_wconf 72' lang='lat' dir='ltr'><strong><em>Erqo</em></strong></span> <span class='ocrx_word' id='word_1_84' title='bbox 422 1494 501 1527; x_wconf 85' lang='lat' dir='ltr'><strong><em>siue</em></strong></span> <span class='ocrx_word' id='word_1_85' title='bbox 528 1497 566 1528; x_wconf 91' lang='lat' dir='ltr'><strong><em>et</em></strong></span> <span class='ocrx_word' id='word_1_86' title='bbox 596 1504 677 1529; x_wconf 88' lang='lat' dir='ltr'><strong><em>cum</em></strong></span> <span class='ocrx_word' id='word_1_87' title='bbox 704 1495 915 1536; x_wconf 85' lang='lat' dir='ltr'><strong><em>interroga-</em></strong></span> 
     </span>
     <span class='ocr_line' id='line_1_18' title="bbox 184 1549 916 1593; baseline -0.003 -12"><span class='ocrx_word' id='word_1_88' title='bbox 184 1549 287 1582; x_wconf 82' lang='lat' dir='ltr'><strong><em>tione</em></strong></span> <span class='ocrx_word' id='word_1_89' title='bbox 320 1549 513 1591; x_wconf 79' lang='lat' dir='ltr'><strong><em>eleganter</em></strong></span> <span class='ocrx_word' id='word_1_90' title='bbox 558 1552 727 1593; x_wconf 83' lang='lat' dir='ltr'><strong><em>querelas</em></strong></span> <span class='ocrx_word' id='word_1_91' title='bbox 759 1549 916 1582; x_wconf 77' lang='lat' dir='ltr'>inchoat.</span> 
     </span>
     <span class='ocr_line' id='line_1_19' title="bbox 184 1605 915 1650; baseline -0.003 -12"><span class='ocrx_word' id='word_1_92' title='bbox 184 1605 267 1638; x_wconf 82' lang='lat' dir='ltr'><strong><em>vid.</em></strong></span> <span class='ocrx_word' id='word_1_93' title='bbox 290 1607 322 1648; x_wconf 92' lang='lat'><strong><em>1,</em></strong></span> <span class='ocrx_word' id='word_1_94' title='bbox 346 1606 382 1647; x_wconf 80' lang='lat'><strong><em>2,</em></strong></span> <span class='ocrx_word' id='word_1_95' title='bbox 418 1605 487 1649; x_wconf 70' lang='lat'><strong><em>17„</em></strong></span> <span class='ocrx_word' id='word_1_96' title='bbox 518 1608 586 1650; x_wconf 86' lang='lat'><strong><em>111,</em></strong></span> <span class='ocrx_word' id='word_1_97' title='bbox 617 1608 673 1649; x_wconf 88' lang='lat'><strong><em>10,</em></strong></span> <span class='ocrx_word' id='word_1_98' title='bbox 707 1606 776 1646; x_wconf 63' lang='lat'><strong><em>77„</em></strong></span> <span class='ocrx_word' id='word_1_99' title='bbox 813 1606 915 1637; x_wconf 85' lang='lat' dir='ltr'><strong><em>Pont.</em></strong></span> 
     </span>
     <span class='ocr_line' id='line_1_20' title="bbox 183 1660 914 1705; baseline 0 -12"><span class='ocrx_word' id='word_1_100' title='bbox 183 1661 253 1703; x_wconf 87' lang='lat' dir='ltr'><strong><em>1v,</em></strong></span> <span class='ocrx_word' id='word_1_101' title='bbox 277 1661 335 1704; x_wconf 78' lang='lat'><strong><em>14,</em></strong></span> <span class='ocrx_word' id='word_1_102' title='bbox 368 1660 436 1703; x_wconf 65' lang='lat'><strong><em>17„</em></strong></span> <span class='ocrx_word' id='word_1_103' title='bbox 467 1663 591 1694; x_wconf 86' lang='lat' dir='ltr'><strong><em>Amor.</em></strong></span> <span class='ocrx_word' id='word_1_104' title='bbox 620 1664 659 1705; x_wconf 93' lang='lat'><strong><em>1,</em></strong></span> <span class='ocrx_word' id='word_1_105' title='bbox 687 1661 723 1703; x_wconf 81' lang='lat'><strong><em>4,</em></strong></span> <span class='ocrx_word' id='word_1_106' title='bbox 752 1662 800 1703; x_wconf 81' lang='grc'><strong><em>2.,</em></strong></span> <span class='ocrx_word' id='word_1_107' title='bbox 829 1662 914 1693; x_wconf 80' lang='lat' dir='ltr'><strong><em>ner.</em></strong></span> 
     </span>
     <span class='ocr_line' id='line_1_21' title="bbox 184 1715 915 1759; baseline 0.001 -12"><span class='ocrx_word' id='word_1_108' title='bbox 184 1715 321 1757; x_wconf 86' lang='lat' dir='ltr'><strong><em>xvln,</em></strong></span> <span class='ocrx_word' id='word_1_109' title='bbox 367 1715 460 1759; x_wconf 65' lang='lat'>183„</span> <span class='ocrx_word' id='word_1_110' title='bbox 502 1719 591 1751; x_wconf 81' lang='lat' dir='ltr'><strong><em>lior.</em></strong></span> <span class='ocrx_word' id='word_1_111' title='bbox 617 1718 680 1751; x_wconf 87' lang='lat' dir='ltr'><strong><em>Od.</em></strong></span> <span class='ocrx_word' id='word_1_112' title='bbox 710 1718 743 1759; x_wconf 88' lang='lat' dir='ltr'><strong><em>I,</em></strong></span> <span class='ocrx_word' id='word_1_113' title='bbox 780 1716 839 1758; x_wconf 79' lang='lat'><strong><em>24,</em></strong></span> <span class='ocrx_word' id='word_1_114' title='bbox 884 1719 915 1748; x_wconf 83' lang='lat'><strong><em>5.</em></strong></span> 
     </span>
     <span class='ocr_line' id='line_1_22' title="bbox 184 1770 917 1813; baseline 0 -11"><span class='ocrx_word' id='word_1_115' title='bbox 184 1770 343 1810; x_wconf 75' lang='lat' dir='ltr'><em>Scythia</em></span> <span class='ocrx_word' id='word_1_116' title='bbox 362 1772 474 1804; x_wconf 86' lang='lat' dir='ltr'><strong><em>Asiae</em></strong></span> <span class='ocrx_word' id='word_1_117' title='bbox 497 1774 534 1805; x_wconf 89' lang='lat' dir='ltr'><strong><em>et</em></strong></span> <span class='ocrx_word' id='word_1_118' title='bbox 552 1774 723 1813; x_wconf 72' lang='lat' dir='ltr'><strong><em>Europae</em></strong></span> <span class='ocrx_word' id='word_1_119' title='bbox 745 1779 832 1812; x_wconf 82' lang='lat' dir='ltr'><strong><em>pars</em></strong></span> <span class='ocrx_word' id='word_1_120' title='bbox 854 1779 917 1803; x_wconf 89' lang='lat' dir='ltr'><strong><em>se-</em></strong></span> 
     </span>
     <span class='ocr_line' id='line_1_23' title="bbox 184 1825 917 1865; baseline 0.004 -10"><span class='ocrx_word' id='word_1_121' title='bbox 184 1825 442 1865; x_wconf 82' lang='lat' dir='ltr'><strong><em>ptentrionalis</em></strong></span> <span class='ocrx_word' id='word_1_122' title='bbox 454 1828 602 1859; x_wconf 86' lang='lat' dir='ltr'><strong><em>incertis</em></strong></span> <span class='ocrx_word' id='word_1_123' title='bbox 615 1828 753 1859; x_wconf 84' lang='lat' dir='ltr'><strong><em>finibus.</em></strong></span> <span class='ocrx_word' id='word_1_124' title='bbox 796 1827 917 1859; x_wconf 82' lang='lat' dir='ltr'><strong><em>Strab.</em></strong></span> 
     </span>
     <span class='ocr_line' id='line_1_24' title="bbox 186 1881 918 1924; baseline 0.003 -12"><span class='ocrx_word' id='word_1_125' title='bbox 186 1881 247 1913; x_wconf 81' lang='lat' dir='ltr'><strong><em>xl.</em></strong></span> <span class='ocrx_word' id='word_1_126' title='bbox 272 1882 309 1913; x_wconf 75' lang='lat' dir='ltr'><strong><em>et</em></strong></span> <span class='ocrx_word' id='word_1_127' title='bbox 330 1882 411 1914; x_wconf 82' lang='lat' dir='ltr'><strong><em>vn.</em></strong></span> <span class='ocrx_word' id='word_1_128' title='bbox 456 1882 572 1914; x_wconf 74' lang='lat' dir='ltr'><strong><em>Poeta</em></strong></span> <span class='ocrx_word' id='word_1_129' title='bbox 603 1890 671 1914; x_wconf 88' lang='lat' dir='ltr'><strong><em>suo</em></strong></span> <span class='ocrx_word' id='word_1_130' title='bbox 693 1883 774 1914; x_wconf 86' lang='lat' dir='ltr'><strong><em>iure</em></strong></span> <span class='ocrx_word' id='word_1_131' title='bbox 797 1884 918 1924; x_wconf 82' lang='lat' dir='ltr'><strong><em>utens,</em></strong></span> 
     </span>
     <span class='ocr_line' id='line_1_25' title="bbox 187 1937 917 1978; baseline 0.001 -9"><span class='ocrx_word' id='word_1_132' title='bbox 187 1944 258 1978; x_wconf 81' lang='lat' dir='ltr'><strong><em>quo</em></strong></span> <span class='ocrx_word' id='word_1_133' title='bbox 286 1937 403 1970; x_wconf 86' lang='lat' dir='ltr'><strong><em>maior</em></strong></span> <span class='ocrx_word' id='word_1_134' title='bbox 431 1937 479 1970; x_wconf 89' lang='lat' dir='ltr'><strong><em>sit</em></strong></span> <span class='ocrx_word' id='word_1_135' title='bbox 509 1937 627 1969; x_wconf 88' lang='lat' dir='ltr'><strong><em>exsilii</em></strong></span> <span class='ocrx_word' id='word_1_136' title='bbox 658 1938 800 1977; x_wconf 90' lang='lat' dir='ltr'><strong><em>species</em></strong></span> <span class='ocrx_word' id='word_1_137' title='bbox 830 1938 917 1970; x_wconf 93' lang='lat' dir='ltr'><strong><em>lon-</em></strong></span> 
     </span>
     <span class='ocr_line' id='line_1_26' title="bbox 185 1992 918 2035; baseline 0 -11"><span class='ocrx_word' id='word_1_138' title='bbox 185 1992 410 2035; x_wconf 82' lang='lat' dir='ltr'><strong><em>ginquitatis,</em></strong></span> <span class='ocrx_word' id='word_1_139' title='bbox 434 1992 609 2033; x_wconf 78' lang='lat' dir='ltr'><strong><em>Scythiae</em></strong></span> <span class='ocrx_word' id='word_1_140' title='bbox 631 1993 720 2024; x_wconf 85' lang='lat' dir='ltr'><strong><em>fines</em></strong></span> <span class='ocrx_word' id='word_1_141' title='bbox 746 2001 858 2033; x_wconf 87' lang='lat' dir='ltr'><strong><em>usque</em></strong></span> <span class='ocrx_word' id='word_1_142' title='bbox 879 1993 918 2024; x_wconf 87' lang='lat' dir='ltr'><strong><em>in</em></strong></span> 
     </span>
     <span class='ocr_line' id='line_1_27' title="bbox 187 2047 920 2090; baseline -0.001 -10"><span class='ocrx_word' id='word_1_143' title='bbox 187 2047 402 2090; x_wconf 64' lang='lat' dir='ltr'><strong><em>Thi-aciani,</em></strong></span> <span class='ocrx_word' id='word_1_144' title='bbox 434 2048 495 2080; x_wconf 86' lang='lat' dir='ltr'><strong><em>ubi</em></strong></span> <span class='ocrx_word' id='word_1_145' title='bbox 523 2047 625 2080; x_wconf 79' lang='lat' dir='ltr'><strong><em>Tomi</em></strong></span> <span class='ocrx_word' id='word_1_146' title='bbox 653 2047 822 2089; x_wconf 88' lang='lat' dir='ltr'><strong><em>fuerunt,</em></strong></span> <span class='ocrx_word' id='word_1_147' title='bbox 852 2055 920 2079; x_wconf 89' lang='lat' dir='ltr'><strong><em>ex-</em></strong></span> 
     </span>
     <span class='ocr_line' id='line_1_28' title="bbox 187 2102 920 2144; baseline -0.003 -10"><span class='ocrx_word' id='word_1_148' title='bbox 187 2102 315 2135; x_wconf 84' lang='lat' dir='ltr'><strong><em>tendit.</em></strong></span> <span class='ocrx_word' id='word_1_149' title='bbox 361 2103 466 2136; x_wconf 80' lang='lat' dir='ltr'><strong><em>conf.</em></strong></span> <span class='ocrx_word' id='word_1_150' title='bbox 488 2103 561 2144; x_wconf 82' lang='lat'><strong><em>111,</em></strong></span> <span class='ocrx_word' id='word_1_151' title='bbox 585 2102 633 2143; x_wconf 83' lang='grc'><strong><em>9.,</em></strong></span> <span class='ocrx_word' id='word_1_152' title='bbox 662 2102 694 2144; x_wconf 90' lang='lat' dir='ltr'><strong><em>I,</em></strong></span> <span class='ocrx_word' id='word_1_153' title='bbox 716 2103 753 2144; x_wconf 81' lang='lat'><strong><em>2,</em></strong></span> <span class='ocrx_word' id='word_1_154' title='bbox 776 2102 846 2143; x_wconf 63' lang='lat'><strong><em>85„</em></strong></span> <span class='ocrx_word' id='word_1_155' title='bbox 868 2103 920 2144; x_wconf 87' lang='lat'><strong><em>11,</em></strong></span> 
     </span>
     <span class='ocr_line' id='line_1_29' title="bbox 189 2155 723 2199; baseline -0.006 -8"><span class='ocrx_word' id='word_1_156' title='bbox 189 2157 266 2191; x_wconf 82' lang='grc'>197.</span> <span class='ocrx_word' id='word_1_157' title='bbox 311 2159 432 2192; x_wconf 77' lang='lat' dir='ltr'><strong><em>Guelf.</em></strong></span> <span class='ocrx_word' id='word_1_158' title='bbox 458 2155 723 2199; x_wconf 68' lang='lat' dir='ltr'><strong><em>scithiamque.</em></strong></span> 
     </span>
    </p>
   </div>
   <div class='ocr_carea' id='block_1_11' title="bbox 187 2234 922 2666">
    <p class='ocr_par' dir='ltr' id='par_1_13' title="bbox 187 2234 922 2666">
     <span class='ocr_line' id='line_1_30' title="bbox 232 2234 921 2278; baseline -0.001 -11"><span class='ocrx_word' id='word_1_159' title='bbox 232 2235 265 2268; x_wconf 77' lang='lat'><strong><em>2.</em></strong></span> <span class='ocrx_word' id='word_1_160' title='bbox 303 2234 659 2278; x_wconf 80' lang='lat' dir='ltr'><strong><em>Quaeque-terra.</em></strong></span> <span class='ocrx_word' id='word_1_161' title='bbox 706 2234 793 2277; x_wconf 77' lang='lat' dir='ltr'><strong><em>„Et</em></strong></span> <span class='ocrx_word' id='word_1_162' title='bbox 812 2234 921 2267; x_wconf 79' lang='lat' dir='ltr'><strong><em>illam</em></strong></span> 
     </span>
     <span class='ocr_line' id='line_1_31' title="bbox 189 2289 921 2334; baseline -0.003 -10"><span class='ocrx_word' id='word_1_163' title='bbox 189 2290 349 2334; x_wconf 73' lang='lat' dir='ltr'><strong><em>terram,</em></strong></span> <span class='ocrx_word' id='word_1_164' title='bbox 372 2300 468 2334; x_wconf 84' lang='lat' dir='ltr'><strong><em>quae</em></strong></span> <span class='ocrx_word' id='word_1_165' title='bbox 490 2315 498 2322; x_wconf 91' lang='lat'><em>.</em></span> <span class='ocrx_word' id='word_1_166' title='bbox 522 2289 560 2323; x_wconf 87' lang='lat'><strong><em>.“</em></strong></span> <span class='ocrx_word' id='word_1_167' title='bbox 609 2290 692 2322; x_wconf 85' lang='lat' dir='ltr'><strong><em>Vid.</em></strong></span> <span class='ocrx_word' id='word_1_168' title='bbox 714 2291 746 2331; x_wconf 89' lang='grc' dir='ltr'><strong><em>Ι,</em></strong></span> <span class='ocrx_word' id='word_1_169' title='bbox 771 2289 828 2331; x_wconf 89' lang='grc'><strong><em>10,</em></strong></span> <span class='ocrx_word' id='word_1_170' title='bbox 851 2289 921 2331; x_wconf 86' lang='grc'>31.,</span> 
     </span>
     <span class='ocr_line' id='line_1_32' title="bbox 187 2343 919 2391; baseline -0.005 -12"><span class='ocrx_word' id='word_1_171' title='bbox 187 2348 238 2389; x_wconf 88' lang='lat'><strong><em>11,</em></strong></span> <span class='ocrx_word' id='word_1_172' title='bbox 268 2346 361 2390; x_wconf 64' lang='lat'><strong><em>437„</em></strong></span> <span class='ocrx_word' id='word_1_173' title='bbox 393 2348 461 2391; x_wconf 85' lang='lat' dir='ltr'><strong><em>IV,</em></strong></span> <span class='ocrx_word' id='word_1_174' title='bbox 493 2347 530 2389; x_wconf 83' lang='grc'><strong><em>8,</em></strong></span> <span class='ocrx_word' id='word_1_175' title='bbox 562 2346 614 2378; x_wconf 89' lang='grc'><strong><em>10.</em></strong></span> <span class='ocrx_word' id='word_1_176' title='bbox 648 2361 692 2367; x_wconf 87' lang='grc'><strong><em>·-</em></strong></span> <span class='ocrx_word' id='word_1_177' title='bbox 727 2343 919 2384; x_wconf 76' lang='lat' dir='ltr'><strong><em>Lycaonio</em></strong></span> 
     </span>
     <span class='ocr_line' id='line_1_33' title="bbox 188 2400 922 2444; baseline 0 -11"><span class='ocrx_word' id='word_1_178' title='bbox 188 2401 257 2433; x_wconf 85' lang='lat' dir='ltr'><strong><em>sub</em></strong></span> <span class='ocrx_word' id='word_1_179' title='bbox 280 2410 367 2444; x_wconf 73' lang='lat' dir='ltr'><strong><em>axe,</em></strong></span> <span class='ocrx_word' id='word_1_180' title='bbox 390 2404 424 2435; x_wconf 84' lang='lat' dir='ltr'><strong><em>h.</em></strong></span> <span class='ocrx_word' id='word_1_181' title='bbox 447 2411 478 2436; x_wconf 92' lang='lat' dir='ltr'><strong><em>e.</em></strong></span> <span class='ocrx_word' id='word_1_182' title='bbox 501 2403 568 2435; x_wconf 86' lang='lat' dir='ltr'><strong><em>sub</em></strong></span> <span class='ocrx_word' id='word_1_183' title='bbox 584 2403 679 2434; x_wconf 85' lang='lat' dir='ltr'><strong><em>Ursa</em></strong></span> <span class='ocrx_word' id='word_1_184' title='bbox 701 2400 821 2433; x_wconf 84' lang='lat' dir='ltr'><strong><em>sidere</em></strong></span> <span class='ocrx_word' id='word_1_185' title='bbox 842 2401 922 2433; x_wconf 86' lang='lat' dir='ltr'><strong><em>sive</em></strong></span> 
     </span>
     <span class='ocr_line' id='line_1_34' title="bbox 188 2455 921 2499; baseline -0.003 -9"><span class='ocrx_word' id='word_1_186' title='bbox 188 2457 226 2490; x_wconf 87' lang='lat' dir='ltr'><strong><em>in</em></strong></span> <span class='ocrx_word' id='word_1_187' title='bbox 237 2460 402 2491; x_wconf 78' lang='lat' dir='ltr'><strong><em>extrema</em></strong></span> <span class='ocrx_word' id='word_1_188' title='bbox 412 2455 671 2499; x_wconf 81' lang='lat' dir='ltr'><strong><em>septentrionis</em></strong></span> <span class='ocrx_word' id='word_1_189' title='bbox 684 2456 805 2498; x_wconf 75' lang='lat' dir='ltr'><strong><em>plaga.</em></strong></span> <span class='ocrx_word' id='word_1_190' title='bbox 838 2457 921 2490; x_wconf 87' lang='lat' dir='ltr'><strong><em>Vid.</em></strong></span> 
     </span>
     <span class='ocr_line' id='line_1_35' title="bbox 189 2510 922 2556; baseline -0.004 -12"><span class='ocrx_word' id='word_1_191' title='bbox 189 2514 236 2545; x_wconf 81' lang='lat' dir='ltr'><strong><em>ad</em></strong></span> <span class='ocrx_word' id='word_1_192' title='bbox 268 2513 301 2555; x_wconf 91' lang='lat' dir='ltr'><strong><em>I,</em></strong></span> <span class='ocrx_word' id='word_1_193' title='bbox 331 2515 368 2556; x_wconf 83' lang='lat'><strong><em>3,</em></strong></span> <span class='ocrx_word' id='word_1_194' title='bbox 402 2513 472 2555; x_wconf 62' lang='lat'><strong><em>48„</em></strong></span> <span class='ocrx_word' id='word_1_195' title='bbox 502 2514 552 2555; x_wconf 89' lang='lat'><strong><em>11,</em></strong></span> <span class='ocrx_word' id='word_1_196' title='bbox 583 2512 674 2552; x_wconf 67' lang='lat'><strong><em>190„</em></strong></span> <span class='ocrx_word' id='word_1_197' title='bbox 703 2512 769 2552; x_wconf 89' lang='lat'><strong><em>111,</em></strong></span> <span class='ocrx_word' id='word_1_198' title='bbox 795 2510 852 2552; x_wconf 86' lang='lat'><strong><em>11,</em></strong></span> <span class='ocrx_word' id='word_1_199' title='bbox 875 2511 922 2552; x_wconf 84' lang='lat'><strong><em>8.,</em></strong></span> 
     </span>
     <span class='ocr_line' id='line_1_36' title="bbox 189 2568 922 2610; baseline 0 -10"><span class='ocrx_word' id='word_1_200' title='bbox 189 2569 257 2610; x_wconf 88' lang='lat' dir='ltr'><strong><em>IV,</em></strong></span> <span class='ocrx_word' id='word_1_201' title='bbox 280 2569 317 2610; x_wconf 87' lang='grc'><strong><em>8,</em></strong></span> <span class='ocrx_word' id='word_1_202' title='bbox 340 2568 395 2601; x_wconf 81' lang='lat'><strong><em>41.</em></strong></span> <span class='ocrx_word' id='word_1_203' title='bbox 440 2570 546 2601; x_wconf 87' lang='lat' dir='ltr'><strong><em>Bern.</em></strong></span> <span class='ocrx_word' id='word_1_204' title='bbox 569 2574 725 2610; x_wconf 78' lang='lat' dir='ltr'><strong><em>quaque.</em></strong></span> <span class='ocrx_word' id='word_1_205' title='bbox 770 2568 853 2601; x_wconf 85' lang='lat' dir='ltr'><strong><em>Vid.</em></strong></span> <span class='ocrx_word' id='word_1_206' title='bbox 875 2569 922 2600; x_wconf 87' lang='lat' dir='ltr'><strong><em>ad</em></strong></span> 
     </span>
     <span class='ocr_line' id='line_1_37' title="bbox 192 2622 730 2666; baseline -0.006 -11"><span class='ocrx_word' id='word_1_207' title='bbox 192 2623 225 2666; x_wconf 89' lang='lat' dir='ltr'><strong><em>I,</em></strong></span> <span class='ocrx_word' id='word_1_208' title='bbox 249 2622 307 2665; x_wconf 91' lang='grc'><strong><em>10,</em></strong></span> <span class='ocrx_word' id='word_1_209' title='bbox 331 2622 385 2655; x_wconf 88' lang='grc'><strong><em>31.</em></strong></span> <span class='ocrx_word' id='word_1_210' title='bbox 727 2640 730 2642; x_wconf 98' lang='grc'>-</span> 
     </span>
    </p>
   </div>
   <div class='ocr_carea' id='block_1_12' title="bbox 189 2696 922 2908">
    <p class='ocr_par' dir='ltr' id='par_1_14' title="bbox 189 2696 922 2908">
     <span class='ocr_line' id='line_1_38' title="bbox 233 2696 921 2740; baseline -0.001 -9"><span class='ocrx_word' id='word_1_211' title='bbox 233 2699 265 2732; x_wconf 78' lang='lat'><strong><em>8.</em></strong></span> <span class='ocrx_word' id='word_1_212' title='bbox 301 2696 489 2739; x_wconf 72' lang='lat' dir='ltr'><strong><em>Pierides,</em></strong></span> <span class='ocrx_word' id='word_1_213' title='bbox 511 2699 640 2731; x_wconf 81' lang='lat' dir='ltr'><strong><em>Musae</em></strong></span> <span class='ocrx_word' id='word_1_214' title='bbox 669 2698 768 2737; x_wconf 84' lang='lat' dir='ltr'><strong><em>(vid.</em></strong></span> <span class='ocrx_word' id='word_1_215' title='bbox 804 2698 849 2729; x_wconf 77' lang='lat' dir='ltr'><strong><em>ad</em></strong></span> <span class='ocrx_word' id='word_1_216' title='bbox 872 2700 921 2740; x_wconf 83' lang='grc' dir='ltr'><strong><em>Π,</em></strong></span> 
     </span>
     <span class='ocr_line' id='line_1_39' title="bbox 190 2752 922 2796; baseline -0.004 -9"><span class='ocrx_word' id='word_1_217' title='bbox 190 2753 278 2796; x_wconf 78' lang='grc'>13.),</span> <span class='ocrx_word' id='word_1_218' title='bbox 300 2753 353 2787; x_wconf 83' lang='lat' dir='ltr'><strong><em>ita</em></strong></span> <span class='ocrx_word' id='word_1_219' title='bbox 376 2754 511 2796; x_wconf 85' lang='lat' dir='ltr'><strong><em>dictae,</em></strong></span> <span class='ocrx_word' id='word_1_220' title='bbox 535 2753 618 2794; x_wconf 85' lang='lat' dir='ltr'><strong><em>quia</em></strong></span> <span class='ocrx_word' id='word_1_221' title='bbox 629 2753 666 2785; x_wconf 88' lang='lat' dir='ltr'><strong><em>in</em></strong></span> <span class='ocrx_word' id='word_1_222' title='bbox 676 2752 812 2795; x_wconf 81' lang='lat' dir='ltr'><strong><em>Pieria,</em></strong></span> <span class='ocrx_word' id='word_1_223' title='bbox 829 2761 922 2793; x_wconf 86' lang='lat' dir='ltr'><strong><em>quae</em></strong></span> 
     </span>
     <span class='ocr_line' id='line_1_40' title="bbox 189 2807 920 2852; baseline -0.004 -9"><span class='ocrx_word' id='word_1_224' title='bbox 189 2811 248 2843; x_wconf 85' lang='lat' dir='ltr'><strong><em>est</em></strong></span> <span class='ocrx_word' id='word_1_225' title='bbox 267 2809 373 2852; x_wconf 86' lang='lat' dir='ltr'><strong><em>regio</em></strong></span> <span class='ocrx_word' id='word_1_226' title='bbox 396 2808 636 2842; x_wconf 80' lang='lat' dir='ltr'><strong><em>Macedoniae</em></strong></span> <span class='ocrx_word' id='word_1_227' title='bbox 657 2807 797 2846; x_wconf 79' lang='lat' dir='ltr'><strong><em>(strab.</em></strong></span> <span class='ocrx_word' id='word_1_228' title='bbox 819 2808 862 2839; x_wconf 83' lang='lat' dir='ltr'><strong><em>X.</em></strong></span> <span class='ocrx_word' id='word_1_229' title='bbox 886 2817 920 2848; x_wconf 87' lang='lat' dir='ltr'><strong><em>p.</em></strong></span> 
     </span>
     <span class='ocr_line' id='line_1_41' title="bbox 189 2863 920 2908; baseline -0.001 -11"><span class='ocrx_word' id='word_1_230' title='bbox 189 2864 382 2908; x_wconf 74' lang='lat' dir='ltr'><strong><em>324.‚1&gt;11n.</em></strong></span> <span class='ocrx_word' id='word_1_231' title='bbox 406 2865 448 2898; x_wconf 81' lang='grc' dir='ltr'><strong>Η.</strong></span> <span class='ocrx_word' id='word_1_232' title='bbox 471 2864 515 2898; x_wconf 87' lang='grc' dir='ltr'><strong><em>Ν.</em></strong></span> <span class='ocrx_word' id='word_1_233' title='bbox 536 2863 600 2896; x_wconf 90' lang='lat' dir='ltr'><strong><em>IV.</em></strong></span> <span class='ocrx_word' id='word_1_234' title='bbox 623 2871 655 2895; x_wconf 87' lang='lat' dir='ltr'><strong><em>c.</em></strong></span> <span class='ocrx_word' id='word_1_235' title='bbox 673 2863 739 2904; x_wconf 87' lang='grc'>8.),</span> <span class='ocrx_word' id='word_1_236' title='bbox 754 2864 920 2896; x_wconf 88' lang='lat' dir='ltr'><strong><em>Mnemo—</em></strong></span> 
     </span>
    </p>
   </div>
   <div class='ocr_carea' id='block_1_13' title="bbox 978 1118 1709 1274">
    <p class='ocr_par' dir='ltr' id='par_1_15' title="bbox 978 1118 1709 1274">
     <span class='ocr_line' id='line_1_42' title="bbox 978 1118 1708 1161; baseline 0 -9"><span class='ocrx_word' id='word_1_237' title='bbox 978 1128 1070 1161; x_wconf 86' lang='lat' dir='ltr'><strong><em>syne</em></strong></span> <span class='ocrx_word' id='word_1_238' title='bbox 1111 1129 1173 1154; x_wconf 83' lang='lat' dir='ltr'><strong><em>eas</em></strong></span> <span class='ocrx_word' id='word_1_239' title='bbox 1211 1118 1293 1153; x_wconf 88' lang='lat' dir='ltr'><strong><em>Iovi</em></strong></span> <span class='ocrx_word' id='word_1_240' title='bbox 1331 1119 1485 1161; x_wconf 86' lang='lat' dir='ltr'><strong><em>peperit.</em></strong></span> <span class='ocrx_word' id='word_1_241' title='bbox 1562 1119 1708 1152; x_wconf 78' lang='lat' dir='ltr'><strong><em>Resiod.</em></strong></span> 
     </span>
     <span class='ocr_line' id='line_1_43' title="bbox 978 1174 1709 1217; baseline -0.001 -9"><span class='ocrx_word' id='word_1_242' title='bbox 978 1176 1115 1217; x_wconf 80' lang='lat' dir='ltr'><strong><em>Theog.·</em></strong></span> <span class='ocrx_word' id='word_1_243' title='bbox 1134 1185 1170 1208; x_wconf 85' lang='lat' dir='ltr'><strong><em>v.</em></strong></span> <span class='ocrx_word' id='word_1_244' title='bbox 1195 1175 1212 1208; x_wconf 91' lang='lat'>1</span> <span class='ocrx_word' id='word_1_245' title='bbox 1228 1174 1356 1207; x_wconf 81' lang='lat'><strong>-103.</strong></span> <span class='ocrx_word' id='word_1_246' title='bbox 1395 1175 1499 1209; x_wconf 83' lang='lat' dir='ltr'><strong><em>conf.</em></strong></span> <span class='ocrx_word' id='word_1_247' title='bbox 1522 1177 1650 1208; x_wconf 80' lang='lat' dir='ltr'><strong><em>notata</em></strong></span> <span class='ocrx_word' id='word_1_248' title='bbox 1663 1176 1709 1207; x_wconf 78' lang='lat' dir='ltr'><strong><em>ad</em></strong></span> 
     </span>
     <span class='ocr_line' id='line_1_44' title="bbox 979 1231 1315 1274; baseline 0.003 -11"><span class='ocrx_word' id='word_1_249' title='bbox 979 1231 1087 1263; x_wconf 82' lang='lat' dir='ltr'><strong><em>Trist.</em></strong></span> <span class='ocrx_word' id='word_1_250' title='bbox 1113 1233 1179 1274; x_wconf 90' lang='lat'><strong><em>111,</em></strong></span> <span class='ocrx_word' id='word_1_251' title='bbox 1202 1232 1238 1274; x_wconf 84' lang='lat'><strong><em>7,</em></strong></span> <span class='ocrx_word' id='word_1_252' title='bbox 1262 1231 1315 1264; x_wconf 83' lang='lat'><strong><em>15.</em></strong></span> 
     </span>
    </p>
   </div>
   <div class='ocr_carea' id='block_1_14' title="bbox 982 1305 1718 2673">
    <p class='ocr_par' dir='ltr' id='par_1_16' title="bbox 982 1305 1718 2673">
     <span class='ocr_line' id='line_1_45' title="bbox 1025 1305 1711 1349; baseline 0.001 -10"><span class='ocrx_word' id='word_1_253' title='bbox 1025 1305 1201 1339; x_wconf 71' lang='lat' dir='ltr'><strong><em>Latonia.</em></strong></span> <span class='ocrx_word' id='word_1_254' title='bbox 1248 1305 1534 1349; x_wconf 68' lang='lat' dir='ltr'><strong><em>Reg.1Latoica.</em></strong></span> <span class='ocrx_word' id='word_1_255' title='bbox 1587 1307 1711 1340; x_wconf 81' lang='lat' dir='ltr'><strong><em>Heius.</em></strong></span> 
     </span>
     <span class='ocr_line' id='line_1_46' title="bbox 982 1362 1712 1404; baseline 0.001 -10"><span class='ocrx_word' id='word_1_256' title='bbox 982 1370 1004 1394; x_wconf 91' lang='lat' dir='ltr'><strong><em>e</em></strong></span> <span class='ocrx_word' id='word_1_257' title='bbox 1029 1362 1166 1394; x_wconf 88' lang='lat' dir='ltr'><strong><em>duobus</em></strong></span> <span class='ocrx_word' id='word_1_258' title='bbox 1196 1363 1323 1394; x_wconf 89' lang='lat' dir='ltr'><strong><em>nescio</em></strong></span> <span class='ocrx_word' id='word_1_259' title='bbox 1357 1363 1483 1403; x_wconf 81' lang='lat' dir='ltr'><strong><em>quibus</em></strong></span> <span class='ocrx_word' id='word_1_260' title='bbox 1507 1363 1610 1395; x_wconf 87' lang='lat' dir='ltr'><strong><em>codd.</em></strong></span> <span class='ocrx_word' id='word_1_261' title='bbox 1632 1363 1712 1404; x_wconf 85' lang='lat' dir='ltr'><strong><em>pri-</em></strong></span> 
     </span>
     <span class='ocr_line' id='line_1_47' title="bbox 982 1415 1712 1450; baseline 0 0"><span class='ocrx_word' id='word_1_262' title='bbox 982 1426 1060 1450; x_wconf 88' lang='lat' dir='ltr'><strong><em>mus</em></strong></span> <span class='ocrx_word' id='word_1_263' title='bbox 1086 1417 1184 1449; x_wconf 88' lang='lat' dir='ltr'><strong><em>dedit</em></strong></span> <span class='ocrx_word' id='word_1_264' title='bbox 1205 1415 1356 1449; x_wconf 70' lang='lat' dir='ltr'><strong><em>Latoia.</em></strong></span> <span class='ocrx_word' id='word_1_265' title='bbox 1401 1419 1457 1450; x_wconf 83' lang='lat' dir='ltr'><strong><em>Ac</em></strong></span> <span class='ocrx_word' id='word_1_266' title='bbox 1482 1418 1614 1450; x_wconf 81' lang='lat' dir='ltr'><strong><em>dieitur</em></strong></span> <span class='ocrx_word' id='word_1_267' title='bbox 1635 1417 1712 1450; x_wconf 85' lang='lat' dir='ltr'><strong><em>Le-</em></strong></span> 
     </span>
     <span class='ocr_line' id='line_1_48' title="bbox 984 1467 1713 1514; baseline 0.001 -10"><span class='ocrx_word' id='word_1_268' title='bbox 984 1471 1082 1504; x_wconf 79' lang='lat' dir='ltr'><strong><em>toius</em></strong></span> <span class='ocrx_word' id='word_1_269' title='bbox 1110 1481 1133 1504; x_wconf 83' lang='lat' dir='ltr'>a</span> <span class='ocrx_word' id='word_1_270' title='bbox 1161 1472 1306 1504; x_wconf 79' lang='lat' dir='ltr'><strong><em>Graeco</em></strong></span> <span class='ocrx_word' id='word_1_271' title='bbox 1326 1467 1511 1514; x_wconf 79' lang='grc' dir='ltr'>Λητῶιος,</span> <span class='ocrx_word' id='word_1_272' title='bbox 1552 1471 1713 1505; x_wconf 78' lang='lat' dir='ltr'><strong><em>Latoius</em></strong></span> 
     </span>
     <span class='ocr_line' id='line_1_49' title="bbox 983 1523 1710 1569; baseline 0.006 -11"><span class='ocrx_word' id='word_1_273' title='bbox 983 1535 1006 1558; x_wconf 84' lang='lat' dir='ltr'>a</span> <span class='ocrx_word' id='word_1_274' title='bbox 1027 1526 1164 1560; x_wconf 86' lang='lat' dir='ltr'><strong><em>Dorica</em></strong></span> <span class='ocrx_word' id='word_1_275' title='bbox 1186 1527 1305 1559; x_wconf 81' lang='lat' dir='ltr'><strong><em>forma</em></strong></span> <span class='ocrx_word' id='word_1_276' title='bbox 1327 1523 1506 1569; x_wconf 78' lang='grc' dir='ltr'>Λατώιος,</span> <span class='ocrx_word' id='word_1_277' title='bbox 1531 1530 1567 1561; x_wconf 84' lang='lat' dir='ltr'><strong><em>et</em></strong></span> <span class='ocrx_word' id='word_1_278' title='bbox 1579 1529 1710 1562; x_wconf 83' lang='lat' dir='ltr'><strong><em>Latino</em></strong></span> 
     </span>
     <span class='ocr_line' id='line_1_50' title="bbox 982 1581 1714 1626; baseline 0.003 -12"><span class='ocrx_word' id='word_1_279' title='bbox 982 1584 1090 1615; x_wconf 89' lang='lat' dir='ltr'><strong><em>modo</em></strong></span> <span class='ocrx_word' id='word_1_280' title='bbox 1113 1581 1310 1614; x_wconf 77' lang='lat' dir='ltr'><strong><em>Latonius.</em></strong></span> <span class='ocrx_word' id='word_1_281' title='bbox 1354 1583 1503 1626; x_wconf 81' lang='lat' dir='ltr'><strong><em>Forma,</em></strong></span> <span class='ocrx_word' id='word_1_282' title='bbox 1528 1592 1619 1625; x_wconf 84' lang='lat' dir='ltr'><strong><em>quae</em></strong></span> <span class='ocrx_word' id='word_1_283' title='bbox 1634 1592 1714 1616; x_wconf 80' lang='lat' dir='ltr'><strong><em>ma-</em></strong></span> 
     </span>
     <span class='ocr_line' id='line_1_51' title="bbox 982 1638 1714 1682; baseline 0.003 -12"><span class='ocrx_word' id='word_1_284' title='bbox 982 1638 1112 1670; x_wconf 81' lang='lat' dir='ltr'><strong><em>ximam</em></strong></span> <span class='ocrx_word' id='word_1_285' title='bbox 1138 1638 1387 1671; x_wconf 82' lang='lat' dir='ltr'><strong><em>difficultatem</em></strong></span> <span class='ocrx_word' id='word_1_286' title='bbox 1406 1639 1528 1682; x_wconf 82' lang='lat' dir='ltr'><strong><em>habet,</em></strong></span> <span class='ocrx_word' id='word_1_287' title='bbox 1550 1640 1714 1672; x_wconf 82' lang='lat' dir='ltr'><strong><em>firmatur</em></strong></span> 
     </span>
     <span class='ocr_line' id='line_1_52' title="bbox 983 1693 1714 1736; baseline 0.001 -11"><span class='ocrx_word' id='word_1_288' title='bbox 983 1695 1070 1725; x_wconf 80' lang='lat' dir='ltr'><strong><em>lior.</em></strong></span> <span class='ocrx_word' id='word_1_289' title='bbox 1104 1693 1168 1726; x_wconf 89' lang='lat' dir='ltr'><strong><em>Od.</em></strong></span> <span class='ocrx_word' id='word_1_290' title='bbox 1197 1693 1234 1736; x_wconf 91' lang='lat'><strong><em>1,</em></strong></span> <span class='ocrx_word' id='word_1_291' title='bbox 1264 1693 1323 1736; x_wconf 84' lang='grc'><strong><em>31,</em></strong></span> <span class='ocrx_word' id='word_1_292' title='bbox 1353 1693 1405 1727; x_wconf 85' lang='grc'><strong><em>18.</em></strong></span> <span class='ocrx_word' id='word_1_293' title='bbox 1437 1695 1486 1733; x_wconf 84' lang='lat' dir='ltr'><strong><em>(si</em></strong></span> <span class='ocrx_word' id='word_1_294' title='bbox 1513 1695 1619 1727; x_wconf 85' lang='lat' dir='ltr'><strong><em>locus</em></strong></span> <span class='ocrx_word' id='word_1_295' title='bbox 1648 1695 1714 1727; x_wconf 86' lang='lat' dir='ltr'><strong><em>ille</em></strong></span> 
     </span>
     <span class='ocr_line' id='line_1_53' title="bbox 982 1749 1715 1792; baseline 0.005 -14"><span class='ocrx_word' id='word_1_296' title='bbox 982 1755 1056 1779; x_wconf 90' lang='lat' dir='ltr'><strong><em>non</em></strong></span> <span class='ocrx_word' id='word_1_297' title='bbox 1079 1751 1272 1789; x_wconf 84' lang='lat' dir='ltr'><strong><em>corruptus</em></strong></span> <span class='ocrx_word' id='word_1_298' title='bbox 1295 1751 1393 1792; x_wconf 81' lang='lat' dir='ltr'><strong><em>est),</em></strong></span> <span class='ocrx_word' id='word_1_299' title='bbox 1424 1750 1486 1782; x_wconf 83' lang='lat' dir='ltr'><strong><em>ubi</em></strong></span> <span class='ocrx_word' id='word_1_300' title='bbox 1517 1752 1573 1783; x_wconf 80' lang='lat' dir='ltr'><strong><em>est</em></strong></span> <span class='ocrx_word' id='word_1_301' title='bbox 1593 1749 1715 1783; x_wconf 73' lang='grc' dir='ltr'><strong><em>1ιαίοε</em></strong></span> 
     </span>
     <span class='ocr_line' id='line_1_54' title="bbox 984 1801 1713 1851; baseline 0.007 -18"><span class='ocrx_word' id='word_1_302' title='bbox 984 1810 1052 1843; x_wconf 92' lang='lat' dir='ltr'><strong><em>pro</em></strong></span> <span class='ocrx_word' id='word_1_303' title='bbox 1063 1801 1197 1835; x_wconf 77' lang='lat' dir='ltr'><strong><em>Latoie</em></strong></span> <span class='ocrx_word' id='word_1_304' title='bbox 1215 1812 1238 1836; x_wconf 84' lang='lat' dir='ltr'>a</span> <span class='ocrx_word' id='word_1_305' title='bbox 1261 1805 1381 1838; x_wconf 79' lang='lat' dir='ltr'><strong><em>forma</em></strong></span> <span class='ocrx_word' id='word_1_306' title='bbox 1402 1806 1540 1839; x_wconf 83' lang='lat' dir='ltr'><strong><em>Dorico</em></strong></span> <span class='ocrx_word' id='word_1_307' title='bbox 1549 1803 1713 1851; x_wconf 80' lang='grc' dir='ltr'><strong>Λατῷος.</strong></span> 
     </span>
     <span class='ocr_line' id='line_1_55' title="bbox 985 1858 1714 1894; baseline 0.004 -3"><span class='ocrx_word' id='word_1_308' title='bbox 985 1858 1089 1891; x_wconf 83' lang='lat' dir='ltr'><strong><em>Conf.</em></strong></span> <span class='ocrx_word' id='word_1_309' title='bbox 1120 1860 1162 1891; x_wconf 85' lang='lat' dir='ltr'><strong><em>A.</em></strong></span> <span class='ocrx_word' id='word_1_310' title='bbox 1193 1859 1288 1891; x_wconf 78' lang='lat' dir='ltr'><strong><em>Gen.</em></strong></span> <span class='ocrx_word' id='word_1_311' title='bbox 1318 1860 1362 1892; x_wconf 90' lang='lat' dir='ltr'><strong><em>N.</em></strong></span> <span class='ocrx_word' id='word_1_312' title='bbox 1391 1862 1435 1893; x_wconf 75' lang='lat' dir='ltr'><strong><em>A.</em></strong></span> <span class='ocrx_word' id='word_1_313' title='bbox 1462 1862 1557 1894; x_wconf 83' lang='lat' dir='ltr'><strong>XIII.</strong></span> <span class='ocrx_word' id='word_1_314' title='bbox 1591 1870 1624 1894; x_wconf 87' lang='lat' dir='ltr'><strong><em>c.</em></strong></span> <span class='ocrx_word' id='word_1_315' title='bbox 1657 1862 1714 1894; x_wconf 77' lang='lat'><strong><em>22.</em></strong></span> 
     </span>
     <span class='ocr_line' id='line_1_56' title="bbox 985 1905 1714 1954; baseline 0.007 -10"><span class='ocrx_word' id='word_1_316' title='bbox 985 1914 1058 1945; x_wconf 87' lang='lat' dir='ltr'><strong><em>Sed</em></strong></span> <span class='ocrx_word' id='word_1_317' title='bbox 1081 1922 1185 1954; x_wconf 82' lang='lat' dir='ltr'><strong><em>quum</em></strong></span> <span class='ocrx_word' id='word_1_318' title='bbox 1207 1913 1355 1947; x_wconf 90' lang='lat' dir='ltr'><strong><em>illorum</em></strong></span> <span class='ocrx_word' id='word_1_319' title='bbox 1378 1905 1482 1948; x_wconf 87' lang='lat' dir='ltr'><strong><em>codd.</em></strong></span> <span class='ocrx_word' id='word_1_320' title='bbox 1495 1917 1637 1949; x_wconf 77' lang='lat' dir='ltr'><strong><em>incerta</em></strong></span> <span class='ocrx_word' id='word_1_321' title='bbox 1646 1925 1714 1949; x_wconf 81' lang='lat' dir='ltr'><strong><em>au-</em></strong></span> 
     </span>
     <span class='ocr_line' id='line_1_57' title="bbox 986 1968 1714 2011; baseline 0.008 -12"><span class='ocrx_word' id='word_1_322' title='bbox 986 1968 1137 2000; x_wconf 85' lang='lat' dir='ltr'><strong><em>ctoritas</em></strong></span> <span class='ocrx_word' id='word_1_323' title='bbox 1169 1968 1243 2011; x_wconf 85' lang='lat' dir='ltr'><strong><em>sit,</em></strong></span> <span class='ocrx_word' id='word_1_324' title='bbox 1278 1971 1315 2002; x_wconf 87' lang='lat' dir='ltr'><strong><em>et</em></strong></span> <span class='ocrx_word' id='word_1_325' title='bbox 1348 1971 1448 2004; x_wconf 81' lang='lat' dir='ltr'><strong><em>Naso</em></strong></span> <span class='ocrx_word' id='word_1_326' title='bbox 1486 1971 1523 2003; x_wconf 88' lang='lat' dir='ltr'><strong><em>in</em></strong></span> <span class='ocrx_word' id='word_1_327' title='bbox 1559 1973 1714 2005; x_wconf 73' lang='lat' dir='ltr'><strong><em>Graecis</em></strong></span> 
     </span>
     <span class='ocr_line' id='line_1_58' title="bbox 984 2023 1715 2060; baseline 0.007 -6"><span class='ocrx_word' id='word_1_328' title='bbox 984 2023 1186 2056; x_wconf 88' lang='lat' dir='ltr'><strong><em>nominibus</em></strong></span> <span class='ocrx_word' id='word_1_329' title='bbox 1242 2033 1338 2057; x_wconf 84' lang='lat' dir='ltr'><strong><em>nunc</em></strong></span> <span class='ocrx_word' id='word_1_330' title='bbox 1390 2026 1517 2058; x_wconf 81' lang='lat' dir='ltr'><strong><em>formis</em></strong></span> <span class='ocrx_word' id='word_1_331' title='bbox 1562 2027 1715 2060; x_wconf 77' lang='lat' dir='ltr'><strong><em>Graecis</em></strong></span> 
     </span>
     <span class='ocr_line' id='line_1_59' title="bbox 985 2079 1715 2124; baseline 0.005 -14"><span class='ocrx_word' id='word_1_332' title='bbox 985 2087 1081 2111; x_wconf 85' lang='lat' dir='ltr'><strong><em>nunc</em></strong></span> <span class='ocrx_word' id='word_1_333' title='bbox 1103 2079 1241 2112; x_wconf 82' lang='lat' dir='ltr'><strong><em>Latinis</em></strong></span> <span class='ocrx_word' id='word_1_334' title='bbox 1264 2082 1409 2124; x_wconf 76' lang='lat' dir='ltr'><strong><em>utatur,</em></strong></span> <span class='ocrx_word' id='word_1_335' title='bbox 1444 2090 1524 2114; x_wconf 90' lang='lat' dir='ltr'><strong><em>cum</em></strong></span> <span class='ocrx_word' id='word_1_336' title='bbox 1552 2082 1715 2116; x_wconf 72' lang='lat' dir='ltr'><strong><em>omnibus</em></strong></span> 
     </span>
     <span class='ocr_line' id='line_1_60' title="bbox 986 2135 1714 2175; baseline 0.008 -11"><span class='ocrx_word' id='word_1_337' title='bbox 986 2142 1103 2175; x_wconf 86' lang='lat' dir='ltr'><strong><em>prope</em></strong></span> <span class='ocrx_word' id='word_1_338' title='bbox 1133 2135 1236 2166; x_wconf 88' lang='lat' dir='ltr'><strong><em>codd.</em></strong></span> <span class='ocrx_word' id='word_1_339' title='bbox 1266 2138 1303 2168; x_wconf 89' lang='lat' dir='ltr'><strong><em>et</em></strong></span> <span class='ocrx_word' id='word_1_340' title='bbox 1335 2138 1425 2168; x_wconf 83' lang='lat' dir='ltr'><strong><em>vett.</em></strong></span> <span class='ocrx_word' id='word_1_341' title='bbox 1455 2137 1534 2169; x_wconf 85' lang='lat' dir='ltr'><strong><em>edd.</em></strong></span> <span class='ocrx_word' id='word_1_342' title='bbox 1570 2138 1714 2171; x_wconf 87' lang='lat' dir='ltr'><strong><em>omnino</em></strong></span> 
     </span>
     <span class='ocr_line' id='line_1_61' title="bbox 986 2189 1716 2234; baseline 0.008 -14"><span class='ocrx_word' id='word_1_343' title='bbox 986 2189 1217 2222; x_wconf 87' lang='lat' dir='ltr'><strong><em>scribendum</em></strong></span> <span class='ocrx_word' id='word_1_344' title='bbox 1241 2192 1297 2223; x_wconf 85' lang='lat' dir='ltr'><strong><em>est</em></strong></span> <span class='ocrx_word' id='word_1_345' title='bbox 1318 2189 1504 2234; x_wconf 75' lang='lat' dir='ltr'><strong><em>Latonia,</em></strong></span> <span class='ocrx_word' id='word_1_346' title='bbox 1533 2193 1586 2226; x_wconf 87' lang='lat' dir='ltr'><strong><em>uti</em></strong></span> <span class='ocrx_word' id='word_1_347' title='bbox 1607 2193 1716 2226; x_wconf 81' lang='lat' dir='ltr'><strong><em>etiam</em></strong></span> 
     </span>
     <span class='ocr_line' id='line_1_62' title="bbox 986 2243 1717 2287; baseline 0.005 -11"><span class='ocrx_word' id='word_1_348' title='bbox 986 2243 1123 2286; x_wconf 86' lang='lat' dir='ltr'><strong><em>legitur</em></strong></span> <span class='ocrx_word' id='word_1_349' title='bbox 1145 2245 1196 2286; x_wconf 86' lang='lat' dir='ltr'><strong><em>V,</em></strong></span> <span class='ocrx_word' id='word_1_350' title='bbox 1221 2244 1255 2287; x_wconf 92' lang='lat'><strong><em>1,</em></strong></span> <span class='ocrx_word' id='word_1_351' title='bbox 1277 2246 1331 2278; x_wconf 81' lang='grc'><strong>57.</strong></span> <span class='ocrx_word' id='word_1_352' title='bbox 1385 2247 1520 2280; x_wconf 81' lang='lat' dir='ltr'><strong><em>Sensus</em></strong></span> <span class='ocrx_word' id='word_1_353' title='bbox 1545 2249 1618 2281; x_wconf 82' lang='lat' dir='ltr'><strong><em>est:</em></strong></span> <span class='ocrx_word' id='word_1_354' title='bbox 1647 2255 1717 2280; x_wconf 79' lang='lat' dir='ltr'><strong><em>nee</em></strong></span> 
     </span>
     <span class='ocr_line' id='line_1_63' title="bbox 987 2299 1717 2343; baseline 0.008 -13"><span class='ocrx_word' id='word_1_355' title='bbox 987 2307 1066 2341; x_wconf 79' lang='lat' dir='ltr'><strong><em>vos,</em></strong></span> <span class='ocrx_word' id='word_1_356' title='bbox 1089 2299 1236 2343; x_wconf 74' lang='lat' dir='ltr'><strong><em>Musae,</em></strong></span> <span class='ocrx_word' id='word_1_357' title='bbox 1258 2309 1326 2333; x_wconf 83' lang='lat' dir='ltr'><strong><em>nec</em></strong></span> <span class='ocrx_word' id='word_1_358' title='bbox 1349 2302 1389 2333; x_wconf 80' lang='lat' dir='ltr'><strong><em>tu</em></strong></span> <span class='ocrx_word' id='word_1_359' title='bbox 1411 2301 1615 2335; x_wconf 76' lang='lat' dir='ltr'><strong><em>Musarum</em></strong></span> <span class='ocrx_word' id='word_1_360' title='bbox 1635 2304 1717 2336; x_wconf 70' lang='lat' dir='ltr'><strong><em>dum</em></strong></span> 
     </span>
     <span class='ocr_line' id='line_1_64' title="bbox 988 2350 1717 2398; baseline 0.004 -11"><span class='ocrx_word' id='word_1_361' title='bbox 988 2350 1279 2398; x_wconf 81' lang='grc' dir='ltr'>(Μουσηγέτης),</span> <span class='ocrx_word' id='word_1_362' title='bbox 1307 2354 1447 2395; x_wconf 81' lang='lat' dir='ltr'><strong><em>Apollo</em></strong></span> <span class='ocrx_word' id='word_1_363' title='bbox 1548 2380 1557 2389; x_wconf 94' lang='lat'>.</span> <span class='ocrx_word' id='word_1_364' title='bbox 1625 2359 1717 2392; x_wconf 82' lang='lat' dir='ltr'><strong><em>Nam</em></strong></span> 
     </span>
     <span class='ocr_line' id='line_1_65' title="bbox 986 2410 1718 2454; baseline 0.004 -12"><span class='ocrx_word' id='word_1_365' title='bbox 986 2411 1136 2452; x_wconf 84' lang='lat' dir='ltr'><strong><em>stirpem</em></strong></span> <span class='ocrx_word' id='word_1_366' title='bbox 1166 2410 1356 2443; x_wconf 67' lang='lat' dir='ltr'><strong><em>Latonium</em></strong></span> <span class='ocrx_word' id='word_1_367' title='bbox 1394 2418 1475 2444; x_wconf 89' lang='lat' dir='ltr'><strong><em>esse</em></strong></span> <span class='ocrx_word' id='word_1_368' title='bbox 1510 2413 1718 2454; x_wconf 82' lang='lat' dir='ltr'><strong><em>Apollinem</em></strong></span> 
     </span>
     <span class='ocr_line' id='line_1_66' title="bbox 986 2465 1717 2510; baseline 0.004 -13"><span class='ocrx_word' id='word_1_369' title='bbox 986 2465 1283 2508; x_wconf 85' lang='lat' dir='ltr'><strong><em>intelligendam,</em></strong></span> <span class='ocrx_word' id='word_1_370' title='bbox 1320 2475 1393 2500; x_wconf 89' lang='lat' dir='ltr'><strong><em>non</em></strong></span> <span class='ocrx_word' id='word_1_371' title='bbox 1420 2467 1571 2500; x_wconf 82' lang='lat' dir='ltr'><strong><em>Dianam</em></strong></span> <span class='ocrx_word' id='word_1_372' title='bbox 1604 2468 1645 2500; x_wconf 86' lang='lat' dir='ltr'><strong><em>ut</em></strong></span> <span class='ocrx_word' id='word_1_373' title='bbox 1665 2468 1717 2510; x_wconf 85' lang='lat' dir='ltr'><strong><em>V,</em></strong></span> 
     </span>
     <span class='ocr_line' id='line_1_67' title="bbox 988 2520 1716 2562; baseline 0.003 -10"><span class='ocrx_word' id='word_1_374' title='bbox 988 2520 1024 2562; x_wconf 87' lang='lat'><strong><em>1,</em></strong></span> <span class='ocrx_word' id='word_1_375' title='bbox 1047 2521 1116 2562; x_wconf 66' lang='lat'><strong><em>52,</em></strong></span> <span class='ocrx_word' id='word_1_376' title='bbox 1139 2523 1295 2561; x_wconf 82' lang='lat' dir='ltr'><strong><em>apparet</em></strong></span> <span class='ocrx_word' id='word_1_377' title='bbox 1316 2529 1363 2554; x_wconf 82' lang='lat' dir='ltr'><strong><em>ex</em></strong></span> <span class='ocrx_word' id='word_1_378' title='bbox 1376 2522 1452 2555; x_wconf 86' lang='lat' dir='ltr'><strong><em>loci</em></strong></span> <span class='ocrx_word' id='word_1_379' title='bbox 1461 2523 1604 2554; x_wconf 77' lang='lat' dir='ltr'><strong><em>natura.</em></strong></span> <span class='ocrx_word' id='word_1_380' title='bbox 1633 2521 1716 2554; x_wconf 81' lang='lat' dir='ltr'><strong><em>vid.</em></strong></span> 
     </span>
     <span class='ocr_line' id='line_1_68' title="bbox 987 2574 1718 2617; baseline 0.001 -10"><span class='ocrx_word' id='word_1_381' title='bbox 987 2575 1038 2617; x_wconf 88' lang='lat' dir='ltr'><strong><em>V,</em></strong></span> <span class='ocrx_word' id='word_1_382' title='bbox 1062 2576 1097 2616; x_wconf 82' lang='lat'><strong><em>3,</em></strong></span> <span class='ocrx_word' id='word_1_383' title='bbox 1122 2574 1174 2607; x_wconf 85' lang='grc'><strong><em>16.</em></strong></span> <span class='ocrx_word' id='word_1_384' title='bbox 1230 2575 1365 2609; x_wconf 71' lang='lat' dir='ltr'><strong><em>poetas</em></strong></span> <span class='ocrx_word' id='word_1_385' title='bbox 1395 2579 1515 2609; x_wconf 82' lang='lat' dir='ltr'><strong><em>autem</em></strong></span> <span class='ocrx_word' id='word_1_386' title='bbox 1546 2583 1626 2608; x_wconf 85' lang='lat' dir='ltr'><strong><em>esse</em></strong></span> <span class='ocrx_word' id='word_1_387' title='bbox 1653 2584 1718 2608; x_wconf 80' lang='lat' dir='ltr'><strong><em>sa-</em></strong></span> 
     </span>
     <span class='ocr_line' id='line_1_69' title="bbox 989 2628 1716 2673; baseline 0.001 -11"><span class='ocrx_word' id='word_1_388' title='bbox 989 2631 1160 2663; x_wconf 85' lang='lat' dir='ltr'><strong><em>cerdotes</em></strong></span> <span class='ocrx_word' id='word_1_389' title='bbox 1181 2631 1363 2671; x_wconf 80' lang='lat' dir='ltr'><strong><em>ApoHiniS</em></strong></span> <span class='ocrx_word' id='word_1_390' title='bbox 1391 2639 1436 2664; x_wconf 75' lang='lat' dir='ltr'><strong><em>ac</em></strong></span> <span class='ocrx_word' id='word_1_391' title='bbox 1459 2628 1660 2673; x_wconf 80' lang='lat' dir='ltr'><strong><em>Musarum,</em></strong></span> <span class='ocrx_word' id='word_1_392' title='bbox 1683 2631 1716 2663; x_wconf 84' lang='lat' dir='ltr'><strong><em>i-</em></strong></span> 
     </span>
    </p>
   </div>
   <div class='ocr_carea' id='block_1_15' title="bbox 988 2686 1794 2729">
    <p class='ocr_par' dir='ltr' id='par_1_17' title="bbox 988 2686 1794 2729">
     <span class='ocr_line' id='line_1_70' title="bbox 988 2686 1794 2729; baseline 0.001 -11"><span class='ocrx_word' id='word_1_393' title='bbox 988 2687 1044 2728; x_wconf 90' lang='lat' dir='ltr'><strong><em>psi</em></strong></span> <span class='ocrx_word' id='word_1_394' title='bbox 1080 2687 1127 2718; x_wconf 82' lang='lat' dir='ltr'><strong><em>ad</em></strong></span> <span class='ocrx_word' id='word_1_395' title='bbox 1163 2686 1344 2719; x_wconf 84' lang='lat' dir='ltr'><strong><em>fastidium</em></strong></span> <span class='ocrx_word' id='word_1_396' title='bbox 1375 2688 1546 2729; x_wconf 80' lang='lat' dir='ltr'><strong><em>repetunt</em></strong></span> <span class='ocrx_word' id='word_1_397' title='bbox 1571 2686 1716 2728; x_wconf 70' lang='lat' dir='ltr'><strong><em>poetae.</em></strong></span> <span class='ocrx_word' id='word_1_398' title='bbox 1780 2715 1794 2727; x_wconf 68' lang='grc'>,</span> 
     </span>
    </p>
   </div>
   <div class='ocr_carea' id='block_1_16' title="bbox 989 2741 1339 2783">
    <p class='ocr_par' dir='ltr' id='par_1_18' title="bbox 989 2741 1339 2783">
     <span class='ocr_line' id='line_1_71' title="bbox 989 2741 1339 2783; baseline -0.003 -9"><span class='ocrx_word' id='word_1_399' title='bbox 989 2743 1112 2774; x_wconf 81' lang='lat' dir='ltr'><strong><em>Amor.</em></strong></span> <span class='ocrx_word' id='word_1_400' title='bbox 1136 2742 1203 2783; x_wconf 84' lang='grc' dir='ltr'><strong><em>ΠΙ,</em></strong></span> <span class='ocrx_word' id='word_1_401' title='bbox 1224 2741 1262 2783; x_wconf 87' lang='grc'><strong><em>8,</em></strong></span> <span class='ocrx_word' id='word_1_402' title='bbox 1283 2741 1339 2773; x_wconf 78' lang='lat'><strong><em>2³.</em></strong></span> 
     </span>
    </p>
   </div>
   <div class='ocr_carea' id='block_1_17' title="bbox 1053 2824 1717 2900">
    <p class='ocr_par' dir='ltr' id='par_1_19' title="bbox 1053 2824 1717 2900">
     <span class='ocr_line' id='line_1_72' title="bbox 1053 2824 1717 2864; baseline 0.003 -10"><span class='ocrx_word' id='word_1_403' title='bbox 1053 2826 1111 2855; x_wconf 79' lang='lat' dir='ltr'><strong><em>Ille</em></strong></span> <span class='ocrx_word' id='word_1_404' title='bbox 1145 2833 1203 2862; x_wconf 78' lang='lat' dir='ltr'><strong><em>ego</em></strong></span> <span class='ocrx_word' id='word_1_405' title='bbox 1236 2824 1389 2855; x_wconf 68' lang='lat' dir='ltr'><strong><em>musarum</em></strong></span> <span class='ocrx_word' id='word_1_406' title='bbox 1419 2832 1513 2860; x_wconf 78' lang='lat' dir='ltr'><strong><em>purus</em></strong></span> <span class='ocrx_word' id='word_1_407' title='bbox 1543 2826 1717 2864; x_wconf 74' lang='lat' dir='ltr'><strong><em>Phoebique</em></strong></span> 
     </span>
     <span class='ocr_line' id='line_1_73' title="bbox 1382 2870 1536 2900; baseline -0.006 -1"><span class='ocrx_word' id='word_1_408' title='bbox 1382 2870 1536 2900; x_wconf 77' lang='lat' dir='ltr'><strong><em>sacerdos.</em></strong></span> 
     </span>
    </p>
   </div>
  </div>
 </body>
</html>
