1846 3146
184 231 282 281 500
376 227 380 231 ’
427 227 482 276 Ρ.
519 225 742 276 OVIDII
776 220 1090 273 NASONIS
1123 215 1463 270 TRISTIUM

711 429 1053 479 ELEGIA
1092 427 1174 475 X·

228 552 377 598 puram
396 547 526 591 fuisse,
548 555 594 579 ac
614 554 736 587 prope
757 544 943 587 infinitam
963 543 1033 576 sibi
1054 542 1174 575 visam
1197 547 1274 573 esse
1298 534 1522 570 triennalem
1535 538 1642 566 'suam
1661 531 1703 564 in

274 604 430 645 Scythia
453 600 783 636 commorationem
797 600 961 640 propter
978 596 1220 631 incolentium
1238 592 1483 635 asperitatem
1493 590 1531 622 et
1542 586 1705 630 propter

270 659 456 702 periculis
477 659 630 699 plenam
654 657 766 697 atque
785 655 972 687 incertam
992 654 1032 686 in
1053 653 1126 686 illa
1147 651 1299 694 regione
1322 647 1443 682 vitam
1469 644 1622 686 aliaque
1641 640 1704 675 in-

272 715 469 748 commoda
487 714 604 755 poeta
626 711 880 754 conqueritur.

182 844 252 894 Ut
285 839 447 892 sumus
481 842 531 888 in
562 840 740 899 Ponto,
774 843 851 886 ter
883 837 1071 900 frigore
1105 832 1322 882 constitit
1352 829 1496 888 Ister,

248 926 406 975 Facta
441 927 516 972 est
549 922 733 970 Euxini
769 920 891 968 dura
923 924 999 968 ter
1029 915 1160 966 unda
1191 915 1350 962 maris.

182 1009 255 1060 At
288 1008 403 1056 mihi
436 1009 530 1054 iam
563 1003 741 1053 videor
772 1005 929 1069 patria
961 999 1135 1068 procul
1170 1011 1281 1046 esse
1312 997 1386 1043 tot
1420 992 1574 1052 annin,

248 1090 483 1140 Dardana
518 1091 633 1152 quot
668 1084 818 1135 Graio
854 1085 1009 1133 Troia
1041 1082 1130 1131 sub
1165 1080 1307 1128 hoste
1341 1076 1447 1124 fuit.

185 1174 334 1226 Stare
368 1177 534 1239 puteS,
570 1169 696 1218 adeo
731 1167 1004 1234 procedunt
1036 1170 1254 1229 tempora
1285 1156 1443 1217 tarde,
1674 1152 1707 1202 5

247 1257 316 1306 Et
348 1257 541 1322 peragit
574 1253 723 1301 lentis
754 1251 980 1316 passibus
1014 1262 1167 1296 annus
1199 1246 1307 1292 iter.

182 1342 295 1392 Nec
329 1338 442 1387 mihi
477 1336 738 1385 solstitium
771 1336 1023 1399 quicquam
1057 1329 1120 1378 de
1154 1325 1378 1375 noctibus
1412 1321 1587 1383 aufert,

250 1422 422 1471 Efficit
455 1423 690 1484 angustos
724 1432 818 1466 nee
851 1415 965 1464 mihi
999 1414 1165 1463 bruma
1199 1409 1320 1458 dies.

184 1582 269 1606 men
292 1571 410 1604 vitale
432 1569 647 1611 relinquere
671 1569 759 1600 dixit
770 1568 916 1599 Metam.

184 1629 287 1671 XIV,
301 1628 374 1660 175.
388 1628 425 1658 et
446 1625 590 1657 lumina
607 1624 708 1656 vitae
731 1621 917 1662 attinyere

185 1689 241 1719 est
263 1685 356 1725 apud
380 1683 483 1723 Virg.
508 1683 551 1713 A.
574 1681 643 1722 vl,
674 1680 750 1712 829.
800 1677 917 1719 Leid.,

185 1743 280 1782 Put.,
297 1740 402 1771 Serv.
419 1740 456 1770 et
478 1736 556 1768 Rel.
581 1735 682 1777 quod
703 1734 773 1766 hoc
796 1733 917 1764 breve.

230 1818 283 1850 39.
309 1812 442 1857 Officio
463 1811 557 1852 spir.
577 1810 646 1842 iste
665 1811 739 1842 tuo.
783 1809 918 1840 vat.et

187 1871 289 1906 Maff.
313 1870 393 1910 ipse
411 1877 502 1900 meo.
549 1867 659 1899 szr.
706 1865 796 1906 Ipse
811 1863 918 1894 etiam

185 1927 262 1959 Pal.
285 1927 332 1967 2.,
356 1927 507 1965 Bersm.,
531 1924 635 1964 Reg.,
659 1922 775 1961 Leid.,
801 1919 852 1950 1x
875 1926 918 1949 a-

184 1982 226 2014 lii
249 1980 407 2022 Heinsii,
439 1980 595 2010 eiusdem
626 1978 681 2008 ed.
711 1984 763 2015 pr.
788 1977 825 2005 et
847 1974 919 2004 Be-

187 2037 259 2069 rol.
316 2037 382 2074 Ac,
401 2042 481 2065 meo
512 2033 620 2064 etiam
648 2030 792 2063 Pirckh.
840 2017 920 2058 Iste

151 2138 153 2141 ι
186 2091 369 2125 sententia
392 2089 608 2122 defenditur.
661 2084 767 2119 Conf.
791 2082 860 2123 111,
883 2081 919 2122 3,

187 2147 242 2180 45.

431 2247 612 2281 ELEGIA
634 2244 677 2276 X·

234 2318 265 2350 1.
307 2316 366 2356 Ut,
389 2323 435 2347 ex
459 2322 540 2355 quo.
588 2310 693 2343 conf.
714 2309 817 2341 Pont.
831 2309 863 2349 1,
885 2307 921 2349 9,

190 2375 222 2406 6.
269 2370 457 2411 Constitit,
486 2367 646 2400 substitit
675 2373 783 2397 cursu
806 2364 920 2403 impe-

191 2429 276 2460 dito.
322 2427 420 2458 Idem
445 2426 489 2457 de
512 2431 608 2465 aqua
635 2422 723 2463 gelu
744 2417 922 2452 adstricta

191 2484 281 2515 Hor.
305 2481 374 2514 Od.
394 2482 427 2522 1,
451 2481 486 2521 9,
510 2480 540 2511 3.

257 2567 558 2576 —————
581 2552 712 2587 geluque

257 2599 399 2629 Flumina
419 2595 611 2625 constiterint
628 2596 728 2622 acuto.

186 2641 275 2703 ’vim
298 2670 402 2702 Pont.
427 2668 460 2708 1,
489 2666 526 2706 2,
556 2665 604 2706 8.,
636 2663 724 2695 Met.
749 2662 815 2702 IX,
848 2658 924 2692 661.

192 2727 248 2759 De
270 2724 379 2756 Istro
401 2723 473 2755 vid.
498 2722 549 2762 11,
571 2719 647 2751 189.
693 2716 798 2750 Conf.
821 2715 925 2746 Pont.

194 2783 244 2824 Π,
268 2781 304 2823 1,
327 2779 381 2812 81.
405 2781 442 2810 et
464 2776 573 2810 Trist.
596 2775 665 2815 111,
689 2771 746 2813 11,
769 2771 801 2802 7.

239 2860 271 2891 2.
305 2855 440 2889 Facta.
505 2854 612 2886 Serv.
638 2849 749 2891 facta
783 2853 926 2890 quoque

195 2911 339 2948 Euxini
361 2911 426 2943 est.
472 2910 576 2941 Pont.
602 2907 671 2948 IV,
695 2905 731 2946 9,
754 2904 807 2935 85.

1047 1556 1187 1591 Mentiu,
1200 1563 1238 1584 an
1256 1557 1345 1584 coeat
1361 1554 1486 1582 duratus
1499 1549 1612 1586 frigore
1627 1549 1710 1578 Pon-

1098 1646 1139 1675 Et
1178 1646 1282 1672 teneat
1322 1601 1440 1678 gingiless'
1475 1641 1582 1676 iugera
1616 1637 1711 1667 multu

1377 1684 1459 1713 freti.

982 1756 1030 1788 V.
1053 1756 1084 1786 3.
1117 1755 1223 1785 Bern.
1247 1751 1287 1782 et
1306 1747 1406 1781 mihi.
1448 1746 1551 1779 Leia.
1570 1746 1616 1778 at
1632 1742 1712 1777 tibi.

982 1810 1063 1843 Bel.
1084 1806 1221 1849 patria
1242 1803 1424 1838 caruisse.

1028 1886 1060 1918 4.
1084 1884 1284 1917 Dardana.
1307 1881 1515 1915 Dardanus
1529 1886 1597 1919 pro
1609 1877 1713 1909 Dar-

986 1941 1121 1975 danius
1160 1941 1206 1972 ad
1243 1939 1445 1980 exemplum
1481 1932 1630 1968 Homeri
1666 1938 1713 1963 ac

986 1997 1132 2031 Pindari
1149 1995 1239 2027 dixit
1253 1994 1360 2026 etiam
1370 1993 1474 2032 Virg.
1493 1992 1535 2027 Α,
1554 1989 1622 2030 IV,
1636 1986 1712 2020 662.

988 2057 1025 2086 et
1040 2055 1106 2094 xl,
1116 2052 1194 2084 287.
1238 2049 1322 2082 vid.
1334 2048 1379 2079 ad
1395 2048 1425 2088 Ι,
1437 2046 1495 2087 10,
1509 2046 1563 2076 25.
1587 2044 1624 2074 et
1642 2042 1711 2082 111,

987 2109 1023 2148 6,
1047 2106 1100 2138 38.
1147 2105 1209 2137 Sic
1230 2102 1399 2136 Romula
1421 2107 1511 2142 qens
1538 2105 1607 2138 pro
1629 2095 1713 2128 Ro-

985 2162 1111 2192 mulea
1131 2161 1220 2191 Hor.
1244 2158 1308 2191 0d.
1322 2157 1391 2198 IV,
1404 2159 1441 2197 5,
1454 2155 1484 2187 1.
1517 2154 1571 2185 De
1584 2153 1654 2184 ista
1668 2159 1713 2182 a-

986 2216 1058 2256 pud
1087 2215 1269 2246 Nasonem
1299 2211 1470 2244 adiectivi
1498 2210 1618 2241 forma
1639 2207 1714 2239 vid.

987 2272 1062 2302 not.
1085 2269 1129 2300 ad
1154 2269 1242 2301 Her.
1266 2269 1316 2310 11,
1339 2268 1371 2299 6.
1395 2267 1432 2297 et
1453 2264 1551 2296 lahn.
1575 2262 1619 2293 ad
1631 2263 1715 2294 Me-

988 2327 1072 2357 tam.
1092 2325 1181 2365 Vn,
1205 2323 1281 2355 394.
1325 2321 1401 2353 Sub
1424 2319 1539 2358 hoste,
1563 2317 1587 2349 i.
1610 2317 1714 2348 hoste

987 2381 1112 2412 urbem
1135 2378 1322 2410 obsidione
1346 2377 1542 2416 premente.
1593 2373 1715 2404 Dura-

987 2436 1040 2468 vit
1062 2439 1180 2466 autem
1205 2441 1249 2465 ea
1273 2431 1412 2465 obsidio
1438 2430 1531 2461 teste
1554 2428 1713 2459 Homero

988 2493 1021 2524 X
1034 2499 1160 2523 annos.
1183 2488 1263 2520 Bel.
1283 2484 1453 2518 barbara
1465 2485 1585 2516 terra.
1618 2481 1715 2513 Ter-

988 2554 1039 2578 ra
1062 2546 1169 2577 etiam
1192 2545 1226 2575 11
1249 2542 1370 2574 Heius.

1034 2624 1066 2655 7.
1099 2619 1314 2654 solstitium
1340 2618 1395 2651 illi
1424 2616 1578 2648 brumae
1598 2619 1717 2653 oppo-

989 2679 1098 2711 nitur.
1143 2676 1254 2707 Varr.
1279 2676 1323 2706 de
1346 2675 1388 2706 L.
1411 2673 1454 2705 L.
1476 2671 1523 2703 V.
1538 2677 1570 2700 c.
1587 2669 1620 2711 2.
1646 2665 1717 2699 Ac-

992 2735 1051 2766 ter
1082 2732 1205 2764 motus
1237 2728 1329 2761 solis
1363 2727 1442 2768 est,
1475 2724 1577 2756 alter
1609 2721 1718 2763 coeli,

992 2842 1095 2875 tium.
1147 2840 1222 2873 Cic.
1254 2840 1299 2870 de
1320 2838 1404 2870 Nat.
1426 2836 1469 2868 D.
1498 2841 1528 2866 c.
1555 2832 1588 2864 7.

993 2897 1043 2931 lis
1065 2902 1239 2930 accessus
1268 2891 1521 2931 discessusque
1548 2884 1720 2919 solstitiis
