1846 3146
181 181 279 231 466

423 178 479 228 Ρ.
517 177 738 227 OVIDII
773 175 1087 228 NASONIS
1121 168 1479 230 TRISTIUM

179 302 351 352 Verba
383 299 513 349 solet
546 299 828 364 vultumque
862 306 991 348 tuum
1027 303 1329 367 gemitusque
1362 301 1571 363 referre,

244 385 312 434 Et
346 389 395 433 te
429 384 575 432 flente
609 399 726 432 suos
759 383 1067 432 demaduisse
1100 386 1263 446 sinus3
1637 386 1703 435 40

180 469 332 529 Quam
366 467 459 516 sibi
492 467 827 531 praestiteris,¹
847 483 941 531 qua
975 467 1260 517 consolatus
1292 469 1493 517 amicum

247 550 332 601 Sis
368 564 477 617 ope,
514 549 749 598 solandus
783 565 891 598 cum
923 550 1065 599 simul
1096 551 1204 616 ipse
1238 549 1388 599 fores.

180 635 280 684 Pro
317 633 504 698 quibus,
542 633 763 693 affirmat,
800 633 908 682 fore
941 648 1293 698 memoremque
1325 635 1566 699 piumque,

248 714 376 765 Sive
411 714 538 765 diem
570 715 756 776 videat,
791 718 902 765 sive
935 720 1130 781 tegatur
1163 715 1322 777 humo,
1518 703 1522 707 ’

179 800 281 873 ¹Per
315 802 461 865 caput
491 801 599 865 ipse
619 816 770 848 ‘suum
802 799 977 848 solitus
1009 800 1171 847 iurare
1202 804 1443 865 tuumque,
1636 798 1703 849 45

249 881 395 944 Quod
427 884 533 931 scio
567 897 666 931 non
696 882 773 930 illi
807 882 957 931 vilius
989 895 1102 930 esse
1134 897 1239 949 suo.
1263 947 1266 952 Ι

182 1034 294 1076 Gall„
317 1034 438 1075 Serv„
460 1033 577 1076 Leid.,
600 1035 692 1074 Iun.,
717 1033 848 1065 Franc.
871 1033 910 1064 et

180 1091 256 1124 Vn
277 1089 341 1122 alii
363 1097 443 1122 cum
466 1090 521 1121 ed.
544 1098 615 1131 pr„
645 1088 770 1129 quibus
796 1095 909 1119 acce-

182 1147 233 1179 dit
257 1147 365 1180 Crev.
409 1144 482 1177 Sed
501 1143 643 1176 etiamsi
663 1142 834 1174 meliores
847 1149 908 1174 es-

181 1203 284 1243 sent,
315 1201 408 1242 quod
431 1207 505 1231 non
527 1201 626 1241 sunt,
647 1201 768 1231 tamen
789 1198 909 1239 pessi-

182 1263 239 1288 me
261 1256 450 1288 tuerentur
471 1254 608 1287 sentit:
630 1254 794 1295 loquitur
816 1253 909 1286 enim

182 1310 294 1352 poeta
317 1311 361 1342 de
384 1311 441 1352 iis,
465 1319 556 1351 quae
578 1312 651 1343 tum
683 1311 784 1343 facta
809 1311 909 1351 sunt,

181 1375 263 1399 cum
276 1366 395 1399 edicto
409 1367 584 1408 Principis
595 1369 693 1400 esset
705 1367 908 1398 damnatus:

179 1421 376 1464 „quamvis
399 1421 585 1454 attonitus
607 1422 705 1454 esset
726 1424 778 1465 (Ι,
801 1425 837 1464 5,
859 1423 910 1459 3.)

181 1478 219 1510 et
246 1476 314 1510 vim
343 1476 478 1510 mentis
511 1486 675 1519 compos,
704 1477 820 1510 sensit
846 1478 909 1509 ta-

180 1540 263 1564 men
288 1531 426 1574 omnia,
450 1533 488 1565 et
509 1534 657 1571 (sensit)
682 1533 718 1565 te
739 1541 814 1565 non
835 1532 909 1565 mi-

179 1596 262 1629 nus,
284 1595 394 1629 quam
415 1586 551 1630 ipsum,
562 1587 641 1620 suis
655 1587 826 1620 adversis
848 1588 910 1621 in-

180 1641 386 1676 doluisse,ss
441 1643 517 1676 Vid.
540 1644 590 1686 V,
619 1644 657 1686 2,
685 1645 738 1676 67.
788 1645 834 1677 V.
857 1644 911 1677 38.

179 1700 275 1733 Busl.
296 1697 528 1741 ingemuisse.

224 1791 279 1823 39.
307 1790 530 1832 Vultumque
542 1789 657 1821 tuum.
674 1789 797 1831 Goth„
810 1788 909 1821 Leid.

181 1848 219 1878 et
241 1847 294 1878 IV
317 1846 379 1877 alii
398 1845 519 1877 Heius.
537 1844 736 1886 vultusque
756 1844 852 1885 tuos,
869 1845 909 1876 ut

178 1911 214 1934 v.
243 1902 298 1933 29.
330 1903 368 1933 et
395 1902 465 1943 111,
495 1902 531 1942 6,
562 1899 615 1932 11.
668 1901 723 1932 De
745 1907 788 1931 re
811 1898 909 1931 conf.

180 1956 289 1988 etiam
311 1957 380 1998 111,
403 1956 439 1998 4,
463 1957 516 1988 37.
532 1973 577 1979 -
591 1956 668 1988 Pal.
692 1955 738 1997 1.,
760 1955 910 1996 Franc.,

143 2003 146 2005 ⁴
179 2012 291 2054 Gall„
314 2013 414 2053 Iun„
442 2012 547 2043 Bern.
572 2010 650 2051 (qui
671 2010 807 2049 suum),
829 2009 909 2040 Bel.

180 2068 219 2099 et
248 2067 368 2099 Berol.
400 2066 646 2108 qemitumque
668 2064 789 2095 «tuum
821 2064 907 2094 vul-

180 2123 341 2164 tumque.
375 2122 472 2155 Busl.
484 2119 715 2173 «gemitusque
725 2118 809 2151 tuos
821 2119 907 2150 vul-

179 2179 324 2220 tusque.

223 2266 279 2300 40.
309 2262 565 2298 Demaduisse.
589 2262 762 2296 Nonnulli
779 2262 908 2304 (Gall,

179 2323 271 2364 lun„
293 2321 350 2352 V1
372 2320 445 2352 alii.
482 2319 634 2352 Accedit
652 2318 757 2354 Rel.)
774 2316 908 2349 imma-

180 2375 315 2409 duisse.
378 2376 470 2409 octo
499 2375 671 2407 meliores
701 2375 802 2412 (sunt
822 2374 907 2406 Vat.

180 2432 227 2475 1.,
248 2432 327 2464 Pol.
351 2431 397 2474 1.,
421 2431 496 2464 Pal.
519 2431 566 2473 2.,
589 2432 686 2462 Mor.
709 2431 748 2461 et
770 2429 822 2461 IV
834 2427 907 2461 alii.

180 2487 332 2519 Accedit
367 2487 513 2524 Guelf.)
555 2484 776 2525 emaduisse,
800 2484 908 2532 &quod

181 2543 333 2575 verbum
362 2542 512 2583 elegans
536 2536 606 2583 (ἓ),
635 2541 698 2572 sed
724 2540 800 2572 rari
824 2547 908 2571 usus

180 2599 247 2629 est.
292 2597 440 2628 Hmzvs.
483 2597 647 2630 Nondum
669 2595 758 2627 satis
776 2596 908 2627 aucto-

179 2652 297 2685 ritatis
336 2652 443 2685 video
476 2654 523 2684 ad
558 2651 803 2693 recipiendum
837 2650 908 2682 hoc

181 2707 331 2740 verbum
339 2717 351 2748 ;
375 2715 487 2748 quare
508 2705 748 2739 immaduisse
770 2705 908 2738 rescri-

180 2763 258 2804 psi,
291 2763 387 2804 quod
423 2763 552 2796 Ovidio
583 2763 763 2795 usitatum.
809 2763 842 2804 Ι,
871 2761 908 2803 9,

180 2819 234 2851 34.
257 2821 294 2852 et
316 2818 413 2851 alibi.
455 2818 592 2850 Bmut.
644 2819 717 2852 Sed
747 2825 813 2850 cur
835 2825 908 2849 non

180 2882 260 2907 cum
288 2872 399 2917 longe
428 2873 590 2915 plurimis
620 2875 724 2908 codd.
747 2876 784 2906 et
817 2874 906 2906 vett.

974 1032 1053 1063 edd.
1082 1031 1301 1064 retineamus
1332 1029 1581 1074 aemaauisse,
1623 1040 1704 1067 cum

975 1086 1213 1126 compositum
1235 1087 1325 1119 illud
1346 1095 1435 1120 vere
1451 1087 1620 1122 Latinum
1642 1090 1705 1133 sit,

974 1143 1012 1173 et
1025 1141 1173 1174 Ovidius
1186 1143 1370 1183 permulta
1382 1144 1486 1176 huius
1495 1145 1592 1177 modi
1603 1153 1704 1178 com-

974 1197 1094 1238 posita
1116 1199 1279 1242 novarit,
1299 1200 1339 1231 ut
1349 1200 1438 1232 Met.
1449 1201 1517 1243 11,
1533 1201 1611 1234 381.
1633 1202 1702 1234 de-

976 1251 1181 1300 lamentari
1211 1254 1250 1286 et
1279 1254 1362 1286 alia.
1427 1255 1509 1287 Vid.
1539 1257 1586 1288 ad
1616 1258 1703 1290 ner.

975 1310 1026 1350 11,
1051 1308 1103 1340 18.
1127 1310 1164 1341 et
1195 1309 1290 1341 conf.
1319 1310 1395 1342 not.
1425 1311 1472 1342 ad
1500 1311 1610 1344 'sn-ist.
1634 1313 1704 1355 IV,

976 1363 1011 1405 6,
1035 1363 1089 1395 30.
1100 1363 1300 1397 -Ρὶι-οἱὼ.
1312 1363 1550 1398 dimaduisse.
1575 1368 1705 1401 Drestl.

975 1418 1257 1451 commaduisse.

973 1484 1049 1508 scr.
1072 1482 1171 1506 suos.

1017 1531 1143 1563 Sinus.
1196 1529 1301 1564 Conf.
1325 1530 1380 1562 IV
1378 1551 1394 1572 ,
1423 1530 1459 1572 1,
1487 1530 1559 1574 38.,
1580 1534 1705 1567 Amor.

977 1577 1046 1628 111,
1070 1587 1105 1628 6,
1128 1587 1198 1628 es„
1220 1587 1319 1620 Fast.
1341 1586 1408 1628 1v,
1440 1587 1517 1619 522.
1538 1604 1583 1621 —.
1603 1589 1705 1622 nom.

977 1642 1020 1674 11.
1044 1643 1110 1684 Ix,
1134 1643 1210 1675 566.
1558 1640 1561 1643 ’

1040 1724 1086 1731 -
1106 1703 1258 1741 δεύοντο
1281 1701 1322 1740 δὲ
1343 1703 1494 1750 δάκρυσι
1514 1704 1655 1741 κόλποι.

975 1772 1051 1805 Pal.
1075 1772 1107 1804 1.
1128 1772 1282 1805 sinus—
1292 1782 1393 1806 suos.

1322 1420 1404 1453 Bel.
1434 1420 1539 1464 tuos,
1568 1431 1638 1464 pro
1666 1433 1704 1457 v.

1020 1849 1072 1882 41.
1096 1850 1355 1883 Animadverte
1366 1850 1596 1894 varietatem,
1610 1853 1707 1893 quod

976 1908 1126 1947 vocant,
1139 1905 1273 1938 obiecti
1295 1906 1398 1938 verbi
1419 1906 1593 1949 referre.-
1614 1917 1705 1941 ver-

976 1959 1035 2001 ba,
1060 1961 1095 1992 te
1113 1947 1358 2003 emaduisse,
1375 1969 1490 2004 quam
1502 1962 1574 1995 sibi
1583 1972 1707 2004 prae-

975 2014 1122 2056 stiteris
1146 2024 1252 2056 opem
1276 2040 1283 2047 .
1305 2039 1316 2049 .
1340 2039 1350 2047 .
1401 2017 1507 2051 conf.
1530 2029 1566 2052 v.
1590 2020 1645 2052 19.
1666 2022 1707 2054 ee

974 2079 1072 2112 seqq.
1102 2074 1139 2103 et
1168 2081 1203 2104 v.
1235 2072 1290 2103 37.
1318 2088 1364 2094 -
1390 2073 1469 2105 Put.
1493 2075 1531 2106 et
1558 2074 1704 2108 Pirekh.

974 2125 1063 2167 quid
1084 2125 1166 2157 sibi.
1210 2127 1318 2160 crev.
1341 2128 1443 2168 quod
1463 2126 1534 2160 sibi
1554 2129 1706 2171 p.quod

974 2182 1113 2213 consol.
1157 2181 1240 2222 seg.
1264 2181 1298 2213 si
1319 2181 1413 2223 quid
1424 2183 1570 2224 praest.
1596 2185 1704 2218 Goth.

974 2244 1050 2278 qua
1079 2235 1121 2267 tu
1147 2235 1305 2269 solatus.
1325 2252 1372 2261 ·-
1393 2238 1441 2270 V.
1463 2239 1517 2271 48.
1549 2240 1626 2272 Pal.
1649 2225 1706 2272 bi‘s

975 2300 1054 2333 ope.
1446 2288 1449 2290 ’

1018 2358 1071 2391 43.
1104 2359 1392 2401 Memoremque.
1438 2360 1544 2395 Conf.
1561 2363 1592 2404 1,
1610 2363 1647 2404 5,
1670 2361 1703 2394 9.

973 2423 1071 2457 seqq.
1094 2417 1198 2449 Bern.
1223 2418 1269 2448 et.
1293 2417 1438 2449 Medon.
1463 2417 1703 2459 tuumque.—

974 2471 1020 2503 V.
1043 2471 1097 2503 44.
1131 2472 1231 2504 Leid.
1255 2472 1415 2513 ἱερείων.

1017 2537 1071 2569 45.
1108 2537 1185 2570 Per
1215 2538 1333 2580 caput
1361 2531 1495 2570 ¹iurare
1519 2540 1610 2571 vere
1632 2546 1701 2571 an-

975 2594 1118 2635 tiquum.
1172 2593 1246 2626 Cur
1277 2594 1384 2626 etiam
1412 2602 1480 2635 per
1507 2594 1613 2626 amici
1636 2602 1701 2626 ca-

973 2651 1039 2689 put
1060 2649 1175 2691 iuret,
1207 2657 1335 2681 caussa
1362 2649 1569 2682 continetur
1590 2657 1700 2681 versu

974 2703 1027 2736 46.
1072 2705 1154 2737 Vid.
1185 2706 1212 2736 1.
1243 2704 1388 2737 Nicolai
1417 2706 1462 2737 de
1489 2703 1705 2736 loramentis

975 2770 1006 2794 c.
1031 2761 1062 2793 4.
1086 2763 1124 2794 et
1145 2761 1236 2793 Plin.
1265 2761 1376 2802 Epist.
1406 2762 1451 2793 11.
1482 2761 1536 2791 2⁰.
1558 2774 1603 2782 ——
1624 2759 1701 2791 Pal.

976 2816 1022 2858 1.,
1033 2817 1118 2848 Vat.
1142 2815 1173 2847 1.
1192 2817 1294 2849 etIV
1318 2816 1380 2848 alii
1402 2815 1525 2847 Heius.
1547 2814 1700 2846 tuum-

973 2879 1162 2914 suumque.
1218 2871 1346 2904 Drcsd.
1373 2878 1443 2912 pro
1473 2879 1508 2903 v.
1529 2877 1602 2904 scr.
1621 2867 1699 2902 ille.

1828 805 1846 997 Ξ

1831 999 1846 1073 3
