1846 3146
182 189 249 237 88

424 187 481 237 Ρ.
518 186 742 238 OVIDII
774 186 1092 241 NASONIS
1126 187 1489 270 TRISTIUM·

186 309 304 361 Non
337 314 495 359 tamen
529 309 718 359 idcirco
753 310 1109 378 complecterer
1142 314 1301 363 omnia
1323 311 1514 373 verbm,
1558 358 1560 360 .

1657 310 1723 362 55

251 393 464 442 Materia
497 394 634 441 vires
669 399 997 460 exsuperante
1025 410 1171 445 meas.

160 483 163 486 ⁴
187 476 288 528 Pro
321 475 448 525 duce
482 475 682 525 Neritio
717 475 852 527 docti
885 478 1013 527 mala
1045 484 1214 528 nostra
1241 483 1420 545 poetae

253 557 495 608 Scribite:
545 559 744 609 Neritio
778 577 887 611 nam
919 562 1047 611 mala
1078 563 1222 629 plura
1240 555 1357 611 'tun

189 642 285 693 Ille
319 643 464 691 brevi
496 644 655 708 spatio
690 643 854 693 multis
887 648 1075 695 erravit
1107 647 1157 694 in
1183 648 1322 694 annis

256 727 392 774 Inter
425 724 685 774 Dulichias
720 727 999 792 Iliacasque
1034 727 1229 790 domos}

1653 727 1720 777 60

193 810 304 862 Nos
338 808 468 857 freta
502 807 750 860 sideribus
785 813 902 860 totis
939 811 1171 860 distantia
1199 787 1394 862 mensos

189 917 198 928 ·
259 890 385 942 Sors
421 891 533 940 tulit
568 894 618 940 in
654 891 860 943 Geticos
894 892 1294 960 Sarmaticosque
1317 897 1471 956 sinae.

262 1023 390 1051 Centum
414 1029 469 1051 ora
483 1014 526 1050 et
550 1022 671 1058 linguas
690 1004 794 1059 o⁶ptare
812 1024 842 1052 in
861 1032 930 1054 car-

593 1067 674 1095 mina
693 1071 828 1100 centum:

260 1112 377 1142 Fabula
412 1120 466 1140 seu
501 1114 617 1140 moesto
651 1115 781 1147 ponatur
819 1114 929 1143 hianda

421 1192 423 1194 v
593 1158 751 1193 tragoedo,

260 1201 396 1230 Vulnera
428 1208 482 1229 seu
517 1202 620 1230 Parthi
650 1202 788 1230 ducentis
817 1203 854 1230 ab
878 1202 927 1230 in-

593 1245 685 1282 guine
704 1245 816 1274 serrum
833 1262 867 1266 —

238 1307 293 1337 55.
333 1302 478 1337 Verbis.
525 1305 633 1338 Voss.
643 1303 767 1337 dictis.
813 1306 859 1338 V.
873 1308 926 1339 56.

194 1370 264 1402 pro
298 1361 533 1393 meas-Busl.
569 1363 607 1393 et.
644 1361 698 1393 111
730 1360 791 1392 alii
824 1369 926 1393 suas.

194 1418 334 1450 ΒιήΜ.
818 1423 820 1425 ·

240 1483 295 1515 57.
330 1481 412 1514 Pro
436 1479 530 1515 duce
546 1481 714 1515 Neritio.
758 1482 927 1516 Nar-itio.

195 1542 286 1571 vett.
317 1539 397 1570 edd.
427 1541 465 1570 et
501 1540 606 1572 codd.
641 1546 757 1580 prope
793 1547 928 1572 omnes.

195 1596 278 1628 Dux
300 1591 477 1625 Neritius
499 1597 556 1626 est
578 1594 718 1636 Ulixes,
742 1602 808 1627 rex
827 1597 928 1628 Itha-

195 1658 278 1692 cae,
309 1651 435 1688 sames
465 1645 929 1691 aliarumque‘insularum.

199 1706 302 1738 Hom.
334 1704 376 1739 Il.
394 1705 444 1746 ΙΙ,
465 1705 557 1747 631.,
571 1706 706 1739 Strabo
729 1708 772 1738 X.
795 1717 828 1747 p.
853 1707 928 1740 312.

197 1760 272 1794 Alii
294 1760 347 1791 ita
368 1759 592 1800 appellatum
625 1761 775 1795 censen’t
803 1763 848 1794 ab
871 1763 929 1795 in-

196 1816 278 1850 sula
295 1808 418 1856 'prope
440 1816 621 1858 Ithacam,
646 1826 737 1857 quae
762 1818 830 1850 suit
852 1819 929 1851 eius

197 1869 354 1902 ditionis
399 1869 480 1902 wd.
494 1872 582 1903 Met.
595 1873 695 1914 XIII,
718 1873 810 1914 711„
822 1874 927 1915 Virg-

196 1927 240 1959 Α.
264 1926 331 1966 111,
355 1924 431 1958 270.
454 1935 547 1967 sqq„
570 1927 692 1961 Hcins.
717 1929 762 1959 ad
782 1929 928 1959 Remed.

196 1983 240 2015 A.
263 1991 299 2013 v.
321 1981 399 2013 264.
461 1981 533 2012 Sed
564 1983 704 2017 rectius
741 1983 803 2018 alii
839 1992 930 2023 pro-

198 2038 303 2078 dunt,
326 2037 397 2068 hoc
420 2044 550 2068 nomen
574 2044 655 2070 esse
670 2038 850 2079 aNerito,
871 2038 930 2068 in-

196 2092 292 2137 signi
321 2092 470 2124 Ithacae
497 2095 632 2126 monte.
692 2093 775 2126 Vid.
808 2093 929 2126 Sti-ab.

195 2150 238 2180 X.
268 2157 302 2189 p.
332 2148 408 2180 312.
439 2148 591 2182 casaub.
600 2171 616 2190 ,
661 2150 763 2181 Hom.
796 2149 927 2189 Odyss.

197 2205 264 2246 lx,
287 2204 359 2245 22„
382 2203 501 2246 xvn,
515 2204 608 2246 ποτε,
631 2205 794 2238 Eustath.
817 2205 863 2236 ad
886 2204 928 2237 n.
970 2222 975 2230 -

197 2261 222 2293 l.
247 2262 275 2292 Ι.
320 2259 426 2293 conf.
456 2261 555 2292 Fast.
591 2261 664 2303 IV,
703 2261 758 2294 69.
810 2262 929 2301 Atque

196 2323 348 2356 summa,
372 2323 475 2355 quam
500 2316 631 2357 tangit,
643 2316 758 2348 Ulixis
770 2316 929 2348 fatorum

195 2372 288 2403 haec
324 2373 398 2403 este
438 2371 564 2403 Ulixes
598 2372 710 2404 Troia
749 2373 858 2412 capta
893 2371 929 2403 in

197 2424 353 2468 'patriam
375 2427 560 2460 rediturus
583 2434 606 2458 a
622 2427 791 2467 Neptuno
816 2427 849 2458 ei
871 2426 928 2458 in-

196 2483 301 2515 fenso
326 2481 428 2519 (vid.
451 2483 483 2523 Ι,
505 2481 557 2519 2.)
574 2478 846 2522 tempestatibus
871 2482 931 2513 diu

195 2547 263 2580 per
286 2537 408 2569 omnia.
437 2536 553 2569 maria
584 2537 763 2578 iactatus,
786 2544 931 2576 semper

196 2598 317 2626 tamen
347 2591 539 2626 Minervae
574 2599 645 2632 ope
667 2594 835 2626 servatus
859 2592 929 2633 est,

196 2658 241 2681 ac
271 2651 356 2688 post
384 2648 417 2679 X
446 2648 589 2680 tandem
612 2654 779 2695 errorum
813 2655 928 2679 annos

195 2702 384 2735 incolumis
419 2702 455 2735 in
491 2696 645 2742 patriam
678 2709 781 2734 suam
808 2701 926 2735 rediit.

197 2757 367 2790 Ceterum
400 2756 546 2789 OvidIus
576 2757 690 2790 Ulixis
719 2757 798 2789 fata
819 2759 928 2798 atque

197 2820 303 2845 casus
327 2819 416 2852 prae
438 2812 512 2843 suis
529 2809 661 2847 callid'e
678 2814 865 2855 extenuat,
889 2813 926 2845 in

197 2875 283 2912 quo,
307 2868 347 2900 ut
370 2867 514 2910 ubique,
538 2867 678 2909 insigne
690 2869 925 2903 Homerista-

979 1028 1092 1060 -dium
1116 1029 1286 1064 ostendit.
1330 1029 1413 1062 vid.
1426 1029 1502 1061 not.
1523 1029 1570 1060 ad
1586 1030 1637 1072 11,
1649 1028 1726 1062 3⁷1.

996 1091 1094 1125 seqq.
1148 1085 1254 1118 conf.
1283 1087 1322 1128 L,
1353 1085 1396 1128 1,
1428 1084 1504 1127 42,
1532 1085 1576 1127 Ι,
1597 1085 1633 1127 6,
1656 1084 1727 1126 21.,

995 1139 1098 1171 Pont.
1111 1140 1179 1182 IV,
1194 1140 1251 1183 10,
1266 1141 1298 1173 9.
1311 1149 1432 1192 seqq..
1445 1141 1506 1173 Fr.
1520 1142 1612 1174 Rev.
1623 1140 1728 1172 mala

995 1195 1109 1228 docti.
1145 1197 1202 1229 —V.
1225 1197 1281 1230 58.
1313 1197 1436 1229 Berol.
1458 1205 1544 1229 eum
1564 1197 1680 1229 mala.
1703 1245 1707 1249 ,

1038 1275 1092 1307 59.
1125 1272 1256 1306 Annis.
1302 1271 1454 1318 Quidam
1486 1274 1615 1318 undis,
1659 1275 1722 1308 alii

994 1329 1122 1368 (etiam
1156 1329 1287 1361 Dresd.
1321 1333 1390 1373 pro·
1425 1338 1461 1362 v.
1484 1332 1576 1367 scr.)
1608 1329 1728 1373 arvis,

994 1384 1058 1416 alii
1079 1382 1208 1416 armis.
1242 1384 1381 1439 Ruunt.
1427 1385 1478 1418 In
1501 1385 1631 1430 annis,
1655 1395 1723 1430 per

995 1447 1121 1473 annos.

1040 1507 1094 1540 60.
1126 1508 1349 1550 Dulickias,·
1394 1517 1477 1543 nam
1522 1510 1728 1543 Dulichium

995 1571 1082 1603 pars
1110 1565 1180 1597 fuit
1208 1565 1314 1607 regni
1343 1566 1474 1608 Ulixis,
1503 1566 1596 1599 unde
1618 1565 1727 1598 etiam

996 1618 1120 1651 Ulixes
1138 1620 1221 1662 ipse
1243 1620 1454 1654 Dulichius.
1505 1621 1588 1654 Vid.
1611 1631 1646 1654 v.
1671 1621 1726 1655 67.

997 1678 1035 1707 et
1054 1676 1122 1718 IV,
1148 1675 1182 1719 1,
1205 1676 1260 1709 31.

1040 1751 1095 1784 61.
1135 1751 1251 1785 Totis.
1298 1754 1420 1789 Comb.
1451 1757 1489 1789 et
1518 1763 1612 1788 unus
1638 1755 1727 1788 Bon.

996 1805 1105 1838 notis.
1166 1809 1292 1843 Recte.
1333 1810 1482 1843 Hunvs.
1538 1810 1728 1846 Revocavi

998 1861 1088 1894 totis
1123 1873 1202 1896 cum
1236 1857 1403 1899 omnibus
1437 1866 1540 1899 libris
1578 1867 1727 1908 praeter

996 1918 1082 1950 illos
1106 1921 1206 1952 duos.
1257 1921 1363 1954 Totis
1374 1921 1561 1955 sideribus
1573 1923 1631 1954 est
1647 1923 1726 1954 toto

997 1974 1062 2006 illo
1093 1976 1234 2018 spatio,
1264 1985 1333 2017 quo
1363 1978 1485 2010 sidera
1516 1979 1725 2010 cernuntur.

996 2030 1133 2062 Eodem
1170 2033 1276 2064 modo
1315 2032 1392 2063 toto
1432 2031 1522 2064 orbe
1559 2031 1727 2064 remotus

997 2086 1138 2118 dicitur.
1183 2088 1286 2119 Pont.
1309 2089 1358 2130 Π,
1380 2088 1417 2129 2,
1441 2087 1527 2120 123..
1696 2088 1698 2090 ’

1063 2161 1119 2194 Ωιιί
1141 2161 1294 2197 {quoniam
1317 2162 1416 2197 patria
1443 2164 1506 2190 toto
1532 2168 1635 2190 sumus
1653 2161 1727 2190 orbe

1389 2206 1499 2236 remoti
1517 2222 1552 2228 —

996 2256 1082 2288 ner.
1105 2255 1240 2297 xvm,
1266 2255 1339 2288 175.

1061 2322 1283 2366 N'umsmalim,
1310 2331 1424 2366 dubito,
1450 2319 1514 2360 toto
1531 2332 1637 2368 procul
1654 2333 1727 2361 orbe

1393 2380 1527 2405 remotus

1110 2419 1183 2448 Cum
1210 2420 1330 2449 domina
1357 2428 1440 2456 spem
1466 2429 1585 2457 quoqne
1615 2422 1726 2450 habere

1390 2473 1494 2493 meam.

995 2525 1114 2564 Atque
1151 2526 1275 2556 eodem
1315 2526 1421 2558 modo
1468 2526 1600 2558 dicitur
1637 2526 1724 2557 toto

996 2581 1100 2611 coelo
1131 2580 1293 2621 distare,
1325 2581 1403 2612 toto
1435 2581 1539 2618 coelo
1573 2589 1725 2623 errare,

995 2634 1062 2666 sub
1106 2634 1194 2668 aliis
1229 2635 1420 2668 sideribus
1461 2635 1651 2678 habitare,
1686 2639 1724 2670 et

994 2691 1135 2723 similia.
1629 2699 1634 2705 ·

1029 2755 1093 2788 ⁶2.
1126 2757 1222 2791 sors
1246 2746 1335 2790 tulit
1357 2758 1427 2789 eto.
1462 2757 1725 2800 Pa1.1.,(}au.,

994 2813 1113 2855 anl.,
1143 2816 1238 2847 Mor.
1247 2836 1261 2856 ,
1292 2813 1459 2855 Pii-clm„
1488 2815 1585 2854 1un.,
1620 2813 1725 2855 Exc„

936 2865 964 2915 ’ᾖ
994 2870 1123 2911 voss„
1157 2869 1344 2911 Pol.,⁴2.‚
1379 2871 1416 2903 et
1444 2870 1477 2903 X
1500 2868 1563 2901 alii
1584 2867 1724 2909 uetus„
