1846 3146
0 313 20 384 -vss-
0 124 8 306 —v-V-vv-nn-
3 107 6 111 .
0 0 11 95 ,ις-.-

0 698 3 706 r
0 623 10 689 ,’*·ν--
0 486 12 612 -τ-νῑ-ττ

583 148 1124 203 PROLEGOMENA.
1487 194 1490 196 ,
1545 150 1609 198 17

100 276 150 316 In
175 281 348 316 *octava
382 267 654 333 praesentem
691 286 830 315 rerum
864 285 1035 313 suarum
1076 277 1231 312 statum
1261 277 1478 324 comparat
1515 284 1609 312 cum

99 347 321 400 tranquilla
355 346 427 386 illa
461 351 589 398 atque
618 345 732 386 felici
757 345 874 385 vitae
903 343 1163 397 conditione,
1194 355 1319 396 quam
1346 343 1427 382 sibi
1463 343 1505 382 in
1531 355 1611 382 se-

64 418 66 420 ’
100 423 272 459 nectute
300 417 522 471 aliquando
549 417 731 456 futuram
772 416 815 455 in
852 415 990 456 animo
1017 414 1226 454 finxisset.
1295 414 1343 454 In
1381 426 1492 454 nona
1509 472 1512 475 .
1529 415 1612 452 ini—

59 515 66 519 -
99 489 210 530 mico
245 482 454 542 minitat,
493 489 574 528 nisi
601 487 855 528 maledicere
883 486 964 529 sibi
992 498 1046 526 ac
1074 484 1312 525 detrectare
1341 484 1530 539 desinat,
1561 497 1611 524 se

100 560 207 600 olim·
226 559 456 601 vindictam
492 564 749 612 sumturum,
787 564 862 598 aut
897 562 1192 610 praesentem,
1224 557 1277 610 si,
1309 555 1420 610 quod
1449 562 1608 609 speret,

99 629 288 674 redditam
313 630 478 683 patriae
505 635 649 683 esset,
689 634 763 668 aut
797 629 1007 668 versibus.
1063 628 1112 667 In
1150 627 1317 667 decima
1345 628 1529 667 breviter
1558 626 1611 666 de

100 703 315 747 vitatus*
337 701 522 754 exponit,
576 699 755 744 Eadem
788 699 1090 752 propemodum
1126 705 1195 747 est
1234 699 1339 739 ratio
1383 699 1611 738 carminum

27 792 34 797 -
59 758 65 763 ’
99 773 358 826 libri-quinti3
386 773 528 826 itaque
557 772 726 826 singula
753 783 897 811 eorum
925 777 1176 824 argumenta
1208 771 1423 823 explicare
1458 783 1613 823 super-

100 856 338 888 vacaneum
373 842 553 889 videtur.
617 843 928 883 Perlustremus
965 843 1091 882 etiam
1133 848 1385 895 argumenta
1425 843 1611 894 ipsorum

99 916 260 959 illorum
287 915 531 965 carminum,
562 925 672 965 quae
700 901 853 967 suapte
881 920 1030 954 natura
1057 914 1282 954 maximam
1301 912 1611 954 similitudinem

99 985 258 1030 hebeto
286 983 456 1038 debent,
486 985 604 1025 velut
633 978 868 1036 quaesunt
895 985 950 1025 ad
976 997 1164 1029 uxorem.
1220 986 1268 1025 In
1297 985 1429 1037 primo
1458 985 1516 1039 (1,
1546 985 1611 1037 6.)

6 1080 30 1107 '‹.
99 1057 244 1102 laudat
269 1057 411 1098 uxoris
441 1055 722 1096 fortitudinem
736 1085 751 1110 ,
791 1055 900 1107 quod
938 1049 1114 1096 iniuriae
1139 1069 1194 1096 ac
1221 1057 1375 1097 sceleri
1403 1057 1500 1096 mali
1530 1056 1612 1095 ho-

100 1129 250 1183 minis,
286 1128 355 1179 qui
381 1128 424 1166 in
452 1127 642 1168 fortunas
671 1139 775 1167 suas
813 1127 975 1167 nefarie
1004 1124 1236 1168 invasisset
1249 1157 1265 1182 ,
1296 1128 1458 1168 fortiter
1484 1128 1615 1168 resti-

101 1201 227 1244 terit„
263 1199 459 1245 Inaltero
489 1198 588 1252 (ΠΙ,
618 1197 682 1251 3.)
713 1199 830 1238 uxori
849 1183 1025 1252 aegrum
1043 1212 1094 1239 se
1114 1212 1215 1240 esse
1233 1200 1396 1257 scribit,
1427 1200 1615 1239 tristem-

101 1284 184 1323 que
210 1270 492 1312 conditionem
517 1282 665 1323 suam,
697 1270 807 1321 quod
835 1271 877 1311 in
905 1271 1048 1311 morbo
1077 1271 1170 1310 eius
1198 1282 1279 1323 ope
1308 1277 1434 1322 atque
1462 1271 1615 1311 solatio

102 1348 272 1392 careat,
312 1347 439 1392 atque
470 1342 512 1380 iu
539 1341 716 1386 barbara
755 1327 868 1382 terra
894 1343 1108 1396 moriatur,
1139 1343 1431 1395 conqueritur,
1460 1342 1616 1382 ultimis

102 1411 258 1455 additis
284 1412 506 1457 mandatis.
562 1413 610 1452 In
637 1414 760 1452 tertio
790 1407 900 1466 (IV,
936 1413 1001 1465 3.)
1039 1412 1183 1453 laudat
1211 1415 1304 1453 eius
1320 1412 1459 1461 fidem
1487 1419 1615 1463 atque

31 1519 33 1522 .
102 1484 386 1529 contumatiam
425 1489 469 1523 et
506 1482 564 1524 ad
601 1484 794 1524 eumdem
837 1496 943 1538 erga
980 1497 1031 1525 se
1059 1497 1247 1525 amorem
1277 1485 1404 1524 etiam
1433 1484 1615 1537 posthac
1667 1479 1671 1482 ’

102 1553 441 1602 conservandum
468 1555 722 1596 adhortatur.
789 1557 838 1596 In
866 1563 1013 1607 quarto
1044 1555 1125 1609 (V,
1154 1555 1218 1607 2.)
1249 1556 1430 1607 queritur
1444 1583 1460 1608 ,
1504 1553 1615 1605 quod

101 1627 202 1680 ipsa²
224 1627 269 1667 in
287 1608 414 1666 ‘tanta
441 1639 520 1667 sua
546 1628 590 1667 in
617 1628 753 1668 Ponto
781 1628 952 1667 miseria
989 1626 1102 1679 apud
1130 1627 1372 1680 Augustum
1384 1655 1400 1680 ,
1432 1627 1499 1677 qui
1528 1632 1615 1666 tam

103 1698 291 1743 demens
317 1698 390 1751 sit,
418 1710 503 1738 non
530 1711 605 1751 pro
634 1711 684 1738 se
712 1697 992 1751 deprecetur:
1032 1699 1078 1737 ln
1108 1699 1251 1748 quinto
1289 1698 1462 1751 scribit,
1508 1709 1617 1748 quo-

102 1767 226 1812 modo
253 1769 439 1808 natalem
465 1770 608 1809 uxoris
637 1769 785 1822 egerit.
842 1770 889 1808 In
917 1775 1041 1809 sexto
1071 1769 1311 1809 consolatur
1339 1782 1435 1809 eam
1446 1797 1461 1823 ,
1486 1767 1618 1822 'quod

103 1853 132 1880 a
157 1840 342 1892 maligno
370 1838 550 1892 quodam
578 1839 745 1880 homine
780 1852 857 1892 per
894 1840 1187 1880 contumeliam
1225 1840 1386 1881 exsulis
1427 1853 1533 1880 uxor
1562 1841 1618 1880 sit

104 1911 328 1964 appellata.
382 1911 433 1950 In
460 1910 642 1962 septimo
670 1909 849 1963 denique
876 1911 1047 1963 scribit,
1095 1923 1248 1951 nomen
1286 1912 1379 1951 eius
1406 1925 1482 1964 per
1519 1924 1619 1951 car-

102 1982 219 2023 mina
243 1993 324 2022 sua
350 1981 583 2023 immortale
609 1981 701 2021 fore
714 2009 730 2035 ,
768 1981 910 2036 itaque
952 1981 1131 2022 ferenda
1157 1983 1398 2022 calamitate
1426 1982 1619 2023 laudibus
1634 2011 1643 2018 „

31 2099 34 2102 ,
74 2059 81 2063 ’
102 2053 184 2094 illis
196 2051 455 2105 respondeat
469 2052 693 2106 famaeque
722 2054 961 2093 aeternitati
990 2039 1195 2094 consulat.
1250 2054 1387 2093 Multa
1402 2060 1500 2094 sunt
1520 2067 1620 2094 car-

49 2171 51 2173 ,
103 2124 238 2169 mina
254 2123 308 2165 de
343 2124 561 2177 iniquitate
597 2124 760 2177 exsilii3
798 2137 948 2164 verum
981 2124 1106 2164 modo
1147 2126 1420 2178 asperitatem
1469 2125 1619 2165 hiemis

104 2196 350 2237 Tomitanae
377 2201 452 2249 et,
496 2207 607 2249 quae
645 2208 672 2235 a
707 2196 995 2236 barbarorum*
1018 2196 1326 2236 incursionibus
1364 2196 1618 2249 minitentur,

104 2266 292 2319 pericula
321 2266 504 2320 queritur
532 2265 631 2320 (ΠΙ,
662 2266 767 2321 10.),
797 2266 921 2307 modo
943 2268 1208 2308 sterilitatem
1233 2267 1350 2314 veris
1380 2266 1479 2320 (111,
1513 2267 1618 2321 12),

106 2335 231 2377 modo
258 2337 426 2389 inopem
452 2337 509 2376 ibi
537 2338 764 2391 orbamque
792 2344 1057 2379 senectutem
1087 2338 1173 2390 (IV
1182 2367 1198 2392 ,
1227 2338 1317 2392 8.),
1368 2338 1492 2377 modo
1520 2339 1623 2378 bar-

106 2408 233 2448 baros
261 2419 402 2448 mores
429 2413 475 2447 et
499 2409 632 2448 vitam
659 2410 915 2457 Tomitarum
944 2408 1025 2463 (V,
1055 2409 1147 2464 7.),
1189 2409 1314 2450 modo
1343 2409 1455 2462 quod
1483 2410 1621 2450 festo-

106 2491 196 2519 rum
223 2479 279 2518 ibi
306 2479 557 2519 urbanorum
575 2480 862 2532 voluptatibus
890 2486 1037 2520 careat
1064 2481 1165 2535 (IV,
1194 2481 1251 2535 2.,
1280 2481 1339 2535 V,
1369 2480 1432 2533 2.)
1463 2487 1507 2521 et
1525 2483 1620 2521 alia.

111 2579 118 2583 -
180 2549 388 2590 Profecto
425 2550 463 2589 si
490 2550 599 2591 haec
628 2539 813 2591 carmina
849 2551 908 2591 ita
944 2552 1247 2604 perlustramus
1283 2564 1509 2606 eorumque
1548 2567 1620 2593 ar-

108 2619 577 2674 gumenta-diligentius
606 2623 918 2676 examinamus,
956 2623 1186 2663 verendum
1216 2630 1310 2677 est,
1349 2637 1404 2664 ne
1440 2624 1621 2664 offensio

107 2692 179 2732 illa
205 2697 331 2745 atque
359 2692 555 2746 satietas,
586 2706 711 2746 quam
738 2693 820 2733 viri
847 2694 903 2733 illi
930 2693 1044 2735 docti
1073 2708 1098 2734 e
1126 2695 1219 2735 sola
1256 2694 1484 2735 earundum
1514 2709 1622 2749 que-

94 2762 287 2809 rrelarum
314 2764 563 2815 repetitione
592 2765 712 2805 nasci
740 2772 1013 2820 censuerunt,
1043 2767 1315 2807 maximeaut
1329 2772 1446 2807 certe
1465 2778 1622 2819 magna

1331 2831 1361 2871 2
