1846 3146
214 176 313 226 240

472 176 530 225 Ρ.
565 175 787 227 OVIDII
822 175 1137 230 NASONIS
1171 176 1513 230 TRISTIUM

218 297 341 347 Inde
369 302 545 368 penore
576 301 683 365 pari
716 299 949 364 gradibus
981 301 1204 350 sublimia
1238 272 1388 350 celsis
1451 290 1479 295 ..

283 381 452 430 Ducor
485 380 550 431 ad
582 383 763 457 intonsi
798 383 1007 432 candida
1039 382 1219 449 templa
1253 381 1360 444 ἀεὶ,

1610 352 1747 432 ’60

217 462 374 528 Signa
404 462 677 531 peregrinis
710 465 795 514 ubi
826 472 938 541 sunt
970 466 1160 515 alterna
1194 465 1432 515 columnis
1466 527 1468 533 Ι
1500 465 1509 467 ’

283 547 486 597 Belides
520 552 570 596 et
603 540 1040 599 strictffbarbarus
1073 563 1191 598 ense
1218 553 1392 615 ‘patei-3

263 698 318 730 58.
365 696 546 730 Dominos
600 698 764 741 intellige
811 700 951 732 domum

219 754 382 802 zlaugusti.
439 755 518 785 Duo
550 753 641 785 enim
665 757 768 795 optat
790 756 951 798 libellus,

223 813 264 842 ut
289 810 436 842 Ovidius
466 810 608 850 patriae
636 808 798 843 redditus
827 812 953 844 videat

220 865 373 905 Augusti
403 866 559 907 domum,
590 860 699 906 atque
733 867 769 898 in
800 874 844 898 ea
874 868 954 899 Au-

219 922 378 960 gustum,
410 918 548 951 Liviam
581 923 618 952 et
642 921 802 962 reliquos
826 922 952 953 salvos

219 977 258 1006 et
280 974 478 1007 incolumes
510 976 698 1017 adspiciat.
750 979 856 1010 Serv.
880 977 952 1009 do—

219 1029 351 1064 mihies.

267 1119 321 1151 59.
363 1118 512 1152 Tenore
531 1120 635 1161 pari.
681 1123 710 1154 Ε
725 1125 760 1155 11
773 1122 872 1155 Vatt.
893 1122 953 1154 le-

219 1176 376 1214 gendum
412 1174 558 1206 timore.
624 1175 733 1208 Οιοιν.

219 1228 327 1260 etiam
351 1229 426 1260 Pal.
451 1229 480 1261 1.
513 1246 558 1253 ——-
591 1231 737 1262 Tenore
763 1235 852 1264 vett.
874 1234 953 1265 edd.

221 1285 261 1314 et
294 1284 422 1324 scripti
450 1292 565 1327 prope
600 1294 738 1328 omnes,
769 1297 800 1328 q.
832 1295 862 1319 e.
887 1295 952 1319 ea-

224 1341 303 1372 dem
326 1341 469 1373 ratione
493 1340 614 1382 eundi,
638 1349 707 1381 qua
729 1344 775 1374 ad
792 1332 871 1375 eum
890 1352 953 1375 us·-

227 1403 294 1436 que
330 1395 450 1428 locum
478 1403 728 1437 perveneram.

224 1451 282 1493 10,
306 1451 338 1483 6.
560 1460 561 1465 ’
684 1451 687 1453 ’

286 1524 327 1552 Et
342 1523 462 1559 peragit
479 1524 562 1554 soliti
581 1533 659 1554 vena
677 1526 791 1556 tenoris
810 1527 878 1556 iter.

226 1594 311 1626 Her.
334 1594 420 1636 VII,
446 1593 520 1627 111.

287 1667 384 1698 Durat
407 1668 438 1696 in
469 1670 645 1704 extremum,
677 1670 818 1706 vitaeque
847 1672 954 1700 novis—

617 1714 693 1743 sima
711 1718 833 1744 nostrae

336 1758 534 1795 Prosequitur
557 1759 621 1793 fati,
649 1752 700 1794 qui
724 1758 782 1787 fuit
805 1763 887 1795 ante,
906 1763 953 1789 te-

620 1810 686 1831 nor.

223 1872 306 1905 Vid.
331 1873 416 1903 Her.
440 1873 562 1913 XVII,
586 1872 654 1914 12„
679 1874 766 1905 Met.
790 1875 859 1916 111,
879 1874 953 1907 113.

222 1927 332 1968 Inde,
353 1935 378 1958 a
401 1928 506 1960 domo
530 1927 707 1969 Augusti,
732 1929 791 1961 ubi
815 1931 955 1962 consti-

224 1983 356 2015 terant.

268 2072 321 2104 60.
360 2070 530 2110 Templa,
553 2071 593 2102 ut
617 2071 827 2113 v.27.fora.
862 2073 954 2105 Nam

221 2126 403 2168 Apollinis
427 2126 514 2158 dicit
536 2126 721 2168 templum,
746 2128 839 2167 quod
859 2130 954 2158 teste

226 2182 342 2214 Dione
365 2182 461 2213 LIII.
494 2189 524 2212 c.
555 2180 585 2212 1.
633 2182 817 2221 Augustus
850 2191 881 2215 a.
914 2185 956 2216 U.

222 2237 261 2271 G.
295 2237 519 2270 DCCXXVI.
550 2235 586 2267 in
617 2236 758 2269 Palatio
800 2236 957 2278 perfecit

221 2295 331 2333 atque
344 2293 541 2335 dedicavit,
562 2292 695 2325 addita
703 2293 859 2334 porticu
873 2301 957 2325 cum

222 2347 445 2380 bibliotheca
456 2348 597 2380 Latina
610 2347 842 2391 Graecaque,
855 2350 954 2382 Suet.

224 2403 304 2436 Oct.
340 2412 371 2436 c.
402 2404 456 2436 29.
512 2402 593 2436 Vid.
624 2406 698 2436 not.
731 2405 778 2436 ad
801 2405 852 2444 ΙΙ,
877 2403 955 2434 420.

223 2459 422 2491 Intonsum
454 2459 588 2500 poeitae
622 2460 829 2500 Apollinem
867 2465 955 2499 pas-

222 2514 288 2547 sim
311 2515 458 2556 fingunt.
504 2516 592 2547 lior.
617 2515 679 2548 Od.
703 2517 734 2558 I,
752 2515 809 2556 21,
834 2514 865 2545 2.

287 2588 452 2623 Intonsum,
471 2590 568 2624 pueri,
589 2589 681 2618 dicite
700 2587 871 2624 Cynthium.

222 2658 354 2692 Tibuu.
380 2661 411 2701 1,
435 2658 471 2700 4,
496 2660 549 2691 37.

286 2731 368 2761 Solis
393 2735 516 2760 aeterna
554 2736 600 2762 est
626 2734 746 2762 Phoebo
777 2730 955 2766 Bacchoque

620 2778 778 2811 iuventus;
952 2790 954 2793 ·

276 2823 281 2832 '
337 2820 410 2849 Nam
437 2821 525 2850 decet
550 2823 687 2851 intonsus
718 2819 810 2850 crinis
837 2822 953 2847 utrum-

621 2874 678 2901 que
697 2866 795 2895 deum.

805 1177 954 1209 Timore
968 1172 969 1175 ’

792 1400 894 1431 Pont.
920 1400 960 1447 Ι,

1017 699 1121 733 conf.
1145 694 1288 742 Metql,
1312 699 1404 742 504„
1427 700 1551 741 Apoll.
1562 700 1679 733 Rhod.
1696 702 1749 744 11,

1016 755 1092 787 708.
1139 754 1333 796 Candida„
1345 757 1389 787 de
1412 756 1565 790 candido
1587 764 1747 789 marmo-

1016 818 1068 843 re.
1128 811 1235 851 Prop.
1266 812 1326 853 11,
1371 811 1442 854 31,
1483 811 1514 843 9.
1543 812 1588 843 de
1621 812 1748 844 eodem

1017 865 1179 906 templo:
1531 860 1543 869 ‘

1083 940 1157 967 Tum
1176 928 1305 967 medium
1331 940 1412 967 claro
1436 940 1580 975 surgebat
1602 947 1750 968 marmore

1412 985 1566 1019 templum.

1064 1066 1117 1099 61.
1152 1062 1634 1106 Peregrinis—-columnia
1705 1068 1748 1098 In

1019 1129 1155 1152 summa
1189 1121 1432 1153 Romanorum
1466 1121 1533 1153 illo
1569 1124 1748 1162 tempore,

1020 1185 1090 1217 quo
1114 1176 1319 1218 Naso-fuit,
1340 1175 1487 1208 luxuria
1517 1183 1696 1208 marmora
1728 1183 1750 1206 e

1015 1231 1272 1263 *diversissimis
1295 1239 1340 1263 ac
1363 1224 1609 1263 remotissimis
1623 1231 1750 1272 regio-

1020 1286 1124 1318 nibus
1148 1289 1220 1318 tam
1243 1287 1288 1318 ad
1316 1286 1476 1328 publica,
1489 1286 1593 1326 quam
1607 1286 1652 1317 ad
1670 1285 1748 1326 pri-

1019 1344 1107 1374 vata
1129 1341 1293 1374 aedificia
1310 1341 1475 1373 ornanda
1484 1340 1637 1373 maximo
1651 1349 1749 1372 sum-

1020 1398 1060 1428 tu
1081 1397 1229 1428 Romam
1250 1397 1512 1438 portabantur,
1528 1401 1748 1427 -memoran-

1020 1456 1151 1492 turque
1192 1461 1215 1483 a
1252 1452 1492 1492 scriptoribus
1526 1449 1687 1482 Parium
1727 1458 1749 1482 e

1018 1507 1114 1539 Paro
1138 1507 1254 1539 insula
1277 1508 1382 1548 [Hor.
1406 1507 1469 1540 od.
1493 1507 1525 1548 1,
1546 1506 1603 1549 19,
1627 1509 1675 1548 5.‚
1698 1507 1748 1548 11,
1769 1534 1771 1539 ,

1021 1561 1077 1604 18,
1100 1561 1132 1594 4.
1161 1563 1279 1603 ibique
1310 1562 1485 1604 interpp„
1522 1562 1623 1595 ovid.
1647 1563 1751 1594 Pont.
1806 1570 1807 1573 ¹

1019 1619 1087 1660 IV,
1120 1618 1162 1660 8,
1194 1618 1268 1661 31.,
1304 1617 1407 1658 Virg.
1431 1618 1566 1659 Georg.
1591 1618 1666 1659 111,
1696 1617 1749 1649 34.

996 1668 998 1670 ’
1021 1674 1125 1707 conf.
1147 1674 1237 1706 pun.
1259 1673 1303 1706 N.
1326 1673 1368 1705 Β.
1394 1673 1456 1705 rv.
1482 1679 1513 1705 0.
1543 1672 1637 1714 22.),
1667 1671 1749 1710 Hy-

1019 1727 1188 1761 mettium
1217 1735 1263 1760 ex
1299 1727 1424 1760 Attica
1457 1729 1563 1767 (Hor.
1597 1726 1660 1760 Od.
1694 1727 1750 1769 ΙΙ,

1021 1784 1077 1826 18,
1102 1785 1153 1826 3.,
1182 1783 1267 1816 val.
1298 1785 1397 1816 Max.
1426 1784 1486 1815 IX.
1521 1791 1550 1815 c.
1575 1779 1627 1824 1.,
1661 1781 1752 1813 Plin.

1019 1841 1183 1872 XXXVI.
1208 1847 1238 1872 c.
1262 1840 1293 1871 3.
1348 1836 1452 1886 Conf.
1480 1838 1600 1872 Strab.
1631 1837 1692 1868 IX.
1715 1845 1750 1877 p.

1022 1896 1132 1938 275.),
1156 1894 1386 1937 Ρήνμρὶοιηι,
1405 1895 1438 1926 Ιι.
1461 1902 1493 1926 e.
1517 1884 1754 1934 Synnadense

1023 1959 1068 1982 ex
1096 1951 1186 1983 Asia
1218 1951 1365 1989 (Tibull.
1390 1951 1466 1992 111,
1501 1951 1536 1990 3,
1569 1948 1637 1989 13.,
1664 1948 1752 1979 nor.

1023 2001 1087 2038 od.
1112 2007 1181 2047 111,
1207 2005 1241 2047 1,
1264 1998 1446 2047 41.,'1³11n.
1468 2003 1612 2036 xxxv.
1643 2011 1674 2034 c.
1706 2001 1753 2044 1.,

1021 2059 1141 2091 Sti-ab.
1166 2061 1227 2091 IX.
1259 2069 1293 2100 p.
1315 2059 1430 2100 4370,
1461 2055 1676 2101 Carystium
1706 2064 1752 2088 ex

1020 2115 1170 2147 Euboea
1191 2114 1308 2146 insula
1337 2114 1431 2151 (Tib.
1455 2113 1542 2153 ΙΙΙ,
1587 2112 1633 2152 3,
1681 2110 1752 2151 13.,

1021 2170 1112 2202 Plin.
1143 2170 1307 2202 XXXVI.
1339 2177 1369 2202 c.
1399 2163 1479 2210 7.),
1523 2165 1752 2198 Taenarium

1023 2226 1147 2264 (Prop.
1173 2226 1244 2267 ΙΙΙ,
1267 2226 1303 2267 2,
1319 2225 1351 2258 9.
1398 2224 1501 2258 conf.
1515 2222 1636 2255 Strab.
1649 2222 1752 2253 VIII.

1021 2289 1057 2321 p.
1081 2281 1174 2318 367.)
1198 2281 1343 2322 aliaque
1365 2279 1560 2321 permulta,
1578 2277 1749 2319 imprimis

1022 2335 1209 2368 Africana.
1241 2352 1284 2360 —-
1314 2338 1403 2368 Iahn
1426 2335 1515 2368 illud
1542 2329 1774 2380 pereqrinisl

1023 2391 1067 2422 de
1096 2392 1203 2424 Pario
1237 2397 1418 2423 marmore
1442 2387 1622 2427 intelligit.
1679 2385 1752 2418 sed

1021 2445 1233 2486 Propertius
1276 2447 1409 2479 diserte
1446 2445 1530 2476 illas
1566 2441 1752 2475 columnas

1022 2508 1067 2533 ex
1090 2501 1266 2534 Africano
1290 2506 1471 2533 marmore
1498 2498 1610 2530 fuisse
1633 2498 1748 2542 testa-

1025 2560 1084 2589 tur
1108 2560 1159 2601 11,
1183 2558 1240 2600 31,
1266 2557 1296 2590 1.

1091 2642 1217 2675 Quaeris
1237 2650 1290 2671 cur
1307 2642 1424 2671 veniam
1450 2641 1502 2670 tihi
1527 2640 1663 2668 tardior?
1687 2639 1751 2667 Au·
1804 2678 1807 2681 Ι

1419 2693 1472 2713 rea
1489 2685 1610 2712 Phoebo

1136 2730 1274 2759 Porticus
1306 2737 1323 2758 a
1349 2737 1456 2766 magno
1483 2729 1612 2757 Caesare
1648 2730 1751 2763 aperta

1418 2772 1484 2800 fuit.

1091 2819 1164 2848 'rota
1190 2823 1256 2848 erat
1282 2819 1312 2847 in
1335 2818 1466 2854 speciem
1496 2817 1605 2845 Poenis
1632 2817 1751 2851 digesta

1418 2861 1575 2894 columnis,
