1846 3146
531 237 550 244 -
612 193 740 243 LIB.
776 190 840 240 V.
890 187 1091 240 ELEG.
1125 187 1216 238 Vl.

1565 187 1665 243 4⁷7

143 315 402 369 Fluctibus
434 317 485 369 in
517 313 689 363 mediis
719 327 909 371 navem,
942 311 1191 371 Palinure,
1227 308 1499 375 relinquis?

211 401 293 450 Ne
326 399 461 463 fuge,
496 412 626 446 neve
659 401 742 445 tua
772 398 838 444 sit
868 396 1024 443 minor
1055 398 1162 473 arte
1195 391 1335 441 fides.

145 481 393 547 Numquid
422 479 684 530 Achilleos
717 481 844 526 inter
876 476 984 525 fera
1016 475 1208 541 proelia
1240 474 1327 524 fidi

211 565 445 614 Deseruit
476 563 657 612 levitas
690 558 1068 609 Automedontis
1102 557 1293 622 equos?

1599 558 1667 608 10

148 647 300 708 Quem
332 644 485 695 semel
518 645 729 710 excepit,
763 658 1002 707 nunquam
1033 639 1316 690 Podalirius
1349 653 1502 705 aegro

104 786 108 790 ⁴
213 729 505 778 Promissam
536 725 755 776 medicae
788 740 886 773 non
919 723 1031 773 tulit
1062 724 1181 772 artis
1214 738 1368 789 opem.

149 798 363 878 Turpius
396 811 601 870 elicitur,
638 825 776 872 quam
809 823 907 856 non
939 806 1205 855 admittitur
1237 805 1435 873 hospes.

215 888 352 955 Quae
385 894 555 958 patuit,
592 890 797 947 dextrae
830 890 964 939 firma
996 891 1061 939 sit
1094 905 1180 939 ara
1203 892 1361 938 meae.

141 1064 143 1066 -
191 1043 267 1076 Pal.
290 1042 344 1085 1.,
378 1041 508 1084 Crev.,
536 1043 686 1084 Bersm„
717 1040 813 1074 Busl.
839 1042 877 1074 et

150 1100 208 1132 111
224 1099 287 1132 alii
303 1098 426 1131 Heius.
440 1105 553 1139 quam
571 1095 606 1129 εἰ
622 1104 730 1128 nunc.
754 1096 877 1139 Goth„

149 1154 262 1196 neg„
292 1155 388 1187 Mor.
394 1174 409 1195 ‚
439 1153 586 1194 Franc„
608 1152 644 1185 V
666 1152 730 1184 alii
751 1151 875 1184 Heius.

141 1197 190 1240 'et
210 1207 368 1239 eiusdem
396 1209 451 1240 ed.
479 1217 534 1249 pr.
564 1214 676 1249 quam
701 1205 734 1238 εἰ
754 1207 876 1239 modo.

150 1265 244 1305 rut„
267 1264 366 1305 seg„
388 1263 465 1295 1²01.
488 1255 631 1304 1.,‘1›a1.
645 1262 678 1294 2.
699 1264 736 1293 et
758 1263 812 1293 111
833 1269 877 1293 a—

151 1318 193 1350 lii
220 1318 342 1350 Heius.
375 1324 487 1359 quam
522 1315 557 1348 εἰ
590 1325 677 1350 non.
734 1317 879 1359 Reliqui

152 1371 187 1405 εἰ
215 1373 268 1405 tu.
350 1371 352 1376 “
676 1376 679 1378 ’

196 1428 455 1463 Animadverte
478 1426 585 1458 etiam
607 1426 811 1467 elegantem
834 1436 879 1459 u-

152 1492 231 1517 sum
253 1482 401 1516 relativi
422 1470 546 1524 quam,
570 1481 632 1513 ubi
656 1481 723 1513 sed
742 1480 776 1513 si
798 1490 881 1514 eam

153 1540 357 1579 exspectes.
415 1537 519 1571 Conf.
548 1538 636 1569 Hor.
665 1537 741 1569 Sat.
770 1538 809 1579 1,
844 1537 878 1579 1,

154 1593 225 1635 86„
254 1594 288 1635 1,
315 1592 352 1634 2,
375 1591 428 1624 48.
448 1594 485 1624 et
499 1592 613 1632 Epist.
635 1593 667 1633 I,
691 1592 748 1634 16,
771 1593 879 1625 32.—

153 1648 202 1681 V.
224 1649 257 1681 ⁶.
290 1648 379 1681 Exc.
400 1647 508 1680 Voss.
530 1646 722 1678 subeunda
739 1645 828 1688 fuit.

198 1734 231 1766 ⁷.
264 1730 458 1766 Palinure.
501 1733 692 1766 Palinurus
716 1734 783 1766 fuit
805 1736 880 1767 Ae-

155 1795 248 1835 neae
270 1787 399 1819 classis
420 1788 660 1830 gubernator,
684 1790 743 1830 qui
764 1797 881 1831 prope

155 1843 310 1877 insulam
338 1843 504 1875 Sirenum
533 1852 659 1876 somno
690 1846 816 1884 eaptus
843 1845 881 1877 in

139 1892 258 1933 ‘mare
281 1897 427 1939 decidit,
448 1898 569 1939 itaque
590 1905 719 1930 navem
741 1898 779 1931 in
800 1894 886 1939 ipso⁴

157 1953 321 1996 periculo
343 1953 499 1993 reliquit.
544 1953 647 1994 Virg.
669 1955 714 1985 A.
735 1953 787 1995 V,
805 1953 881 1986 840.

96 2011 104 2016 ’
156 2017 253 2051 seqq.
285 2010 322 2041 et
348 2007 418 2049 VI,
449 2008 524 2039 337.
576 2009 702 2048 Itaque
721 2006 883 2039 Palinu-

156 2072 225 2096 rus
246 2063 424 2096 translate
447 2062 578 2094 dicitur
606 2071 675 2103 pro
697 2062 883 2104 guberna-

159 2120 252 2151 tore.
294 2119 440 2150 Bemed.
462 2119 507 2151 A.
529 2127 565 2150 v.
587 2117 663 2149 577.

225 2190 304 2226 Quid
320 2191 453 2220 faciam?
475 2191 577 2219 tedia
599 2190 699 2219 navim
723 2192 884 2221 Palinurus

272 2278 412 2307 Deserit:
430 2236 756 2318 ignotaslzozldeainire
772 2280 850 2309 vias.

203 2347 236 2380 8.
268 2346 328 2379 Ne
347 2347 446 2389 fuye,
470 2347 558 2389 etc„
586 2349 621 2380 h.
650 2356 682 2380 e.
714 2357 760 2381 ne
789 2349 884 2382 velis

159 2401 280 2434 minus
298 2402 431 2444 facere
456 2410 568 2444 quam
588 2404 717 2442 potes.-
745 2405 811 2437 sed
832 2403 884 2446 Ιί-
940 2399 952 2402 ”

162 2457 227 2489 des
250 2457 288 2489 et
308 2457 522 2489 constantia
545 2458 610 2489 tua
633 2465 712 2498 par
732 2458 784 2491 sit
804 2458 886 2491 arti

162 2513 224 2544 vel
242 2511 438 2554 facultati.
481 2511 659 2544 ant..

207 2590 260 2622 19.
295 2588 407 2620 Inter
442 2588 533 2631 fera
564 2587 725 2631 proelia.
797 2590 887 2622 Exc.

143 2644 270 2678 'Voss
300 2643 466 2676 deseruit
493 2644 627 2685 pietas.
705 2645 888 2686 Exemplis

162 2699 295 2740 probat
323 2706 344 2729 e
375 2698 500 2731 fabula
530 2699 651 2740 petitis
674 2699 775 2731 viros
797 2706 888 2740 pro-

160 2753 228 2785 bos
250 2752 287 2784 in
308 2752 482 2793 periculis
510 2753 614 2785 fidem
642 2762 714 2786 non
736 2754 888 2786 deseru-

161 2806 246 2839 isse.
295 2806 530 2840 Automedon
559 2808 689 2850 auriga
720 2809 888 2850 Achillis,

163 2862 264 2895 cuius
288 2870 552 2906 currum,xcum
575 2863 611 2897 in
633 2864 716 2898 aliis
737 2864 887 2906 proeliis

942 1042 1017 1075 tum
1039 1039 1250 1083 praecipue,
1265 1049 1370 1082 quum
1384 1034 1593 1083 Patroclus,
1610 1039 1670 1082 qui

941 1105 989 1129 ex
1011 1105 1056 1129 eo
1079 1097 1282 1138 pugnarat,
1316 1095 1362 1127 ab
1391 1096 1551 1128 Hectore
1573 1098 1672 1129 esset

942 1153 1086 1186 occisus
1097 1174 1112 1194 ,
1147 1160 1228 1184 cum
1261 1151 1348 1192 ipsis
1381 1148 1481 1191 equis
1512 1150 1672 1184 fideliter

943 1207 1059 1239 tenuit
1074 1209 1182 1247 atque
1194 1206 1368 1239 servavit.
1397 1206 1500 1238 Hom.
1516 1206 1558 1238 11.
1571 1207 1672 1249 XVI,

943 1261 1034 1302 145„
1055 1262 1176 1304 xvn,
1199 1261 1275 1294 429.
1291 1267 1390 1301 seqq.
1406 1262 1443 1292 et
1458 1260 1549 1303 ³83„
1563 1261 1670 1303 Virg.

943 1318 988 1350 A.
1015 1318 1074 1358 11,
1103 1317 1180 1349 477.
1222 1314 1507 1349 Automedontis
1535 1312 1673 1348 leuitas

945 1374 1001 1404 eet
1022 1370 1253 1404 Automedon
1276 1369 1371 1403 levis
1386 1371 1449 1403 vel
1467 1372 1585 1404 levem
1609 1380 1673 1405 se-

944 1434 984 1459 se
1003 1434 1150 1468 yerem-
1201 1426 1286 1459 Vid.
1316 1427 1392 1459 not.
1421 1427 1468 1459 ad
1491 1428 1560 1470 IV,
1582 1428 1618 1471 9,
1639 1429 1673 1464 3.

990 1513 1043 1546 11.
1076 1511 1280 1555 Numquid,
1310 1522 1392 1546 cum
1421 1513 1544 1548 Comb.
1567 1517 1618 1555 (h.
1640 1502 1673 1549 e.

944 1570 1092 1607 Dresd.)
1133 1569 1243 1611 Vulg.
1271 1577 1472 1611 nunquam.
1523 1569 1673 1603 Hnlvs.

945 1625 1024 1665 Ego
1047 1624 1219 1665 praefero
1248 1632 1459 1667 nunquam,
1487 1628 1528 1658 ut
1553 1626 1675 1660 variet

947 1677 1076 1710 oratio.
1120 1679 1204 1711 Vid.
1225 1682 1302 1713 not.
1325 1682 1371 1712 ad
1392 1682 1460 1722 IV,
1484 1680 1541 1722 10,
1564 1681 1640 1715 119.

990 1735 1141 1775 Bel-sm„
1163 1735 1274 1776 Busl.‚
1296 1734 1372 1768 Pal.
1388 1737 1436 1778 2.,
1453 1737 1582 1769 Dresd.
1605 1746 1675 1779 pro

946 1798 982 1820 v.
1006 1787 1163 1829 accepit.
1207 1789 1314 1822 serv.
1337 1793 1374 1823 et
1397 1791 1452 1823 ed.
1475 1801 1531 1832 pr.
1551 1800 1675 1833 quam.

947 1844 1023 1874 lun.
1046 1841 1169 1874 simul.
1219 1845 1322 1886 Iun.‚
1353 1845 1454 1878 Leid.
1477 1848 1515 1880 et
1536 1848 1591 1880 IV
1611 1848 1676 1882 alii

948 1905 1005 1939 ap.
1025 1898 1146 1930 Burm.
1169 1897 1403 1932 Pelidarn'us.

992 1952 1215 1986 Podalirius
1253 1956 1291 1986 et
1323 1957 1506 1988 Machaon
1531 1957 1674 1988 Aescu-

947 2007 1036 2047 lapii
1058 2007 1123 2039 filii
1150 2009 1188 2040 in
1209 2008 1344 2042 bellum
1366 2011 1561 2043 Troianum
1583 2019 1675 2050 pro-

947 2061 1037 2093 fecti
1059 2064 1173 2095 artem
1184 2065 1348 2096 medendi
1362 2066 1397 2098 in
1413 2067 1543 2098 castris
1556 2066 1678 2099 Grae-

949 2125 1074 2150 corum
1113 2123 1357 2152 exercuerunt
1392 2121 1678 2160 vulneratosque

950 2175 1134 2205 curarunt.
1179 2174 1262 2206 Vid.
1286 2176 1332 2206 ad
1354 2175 1404 2216 V,
1428 2175 1463 2216 1,
1479 2175 1532 2207 61.
1539 2197 1554 2216 ,
1571 2177 1676 2208 Hom.

949 2228 992 2260 11.
1015 2228 1065 2268 II,
1088 2227 1180 2269 732„
1202 2229 1271 2270 IV,
1295 2229 1387 2271 193„
1416 2231 1497 2263 Att-
1522 2232 1574 2273 11,
1600 2232 1677 2264 735.

948 2283 1095 2315 Remed.
1120 2283 1163 2314 A.
1185 2291 1221 2314 v.
1247 2283 1323 2316 31³.

999 2355 1134 2384 Curabar
1156 2357 1287 2392 propriis
1305 2358 1404 2407 aeger}
1419 2357 1590 2388 Podalirius
1606 2360 1679 2389 her-

1048 2445 1099 2480 Et,
1133 2444 1243 2479 fateor,
1270 2401 1406 2474 medi'clds
1430 2445 1561 2482 turpiter
1585 2454 1680 2484 aeger

1347 2497 1440 2518 eram.

996 2555 1048 2589 13.
1079 2555 1276 2597 „Turpius
1297 2556 1459 2599 eiicitur,
1477 2557 1542 2601 qui
1564 2559 1679 2593 semel

953 2611 1132 2651 exceptus
1153 2612 1220 2652 est,
1244 2619 1356 2654 quam
1378 2635 1388 2644 .
1411 2611 1454 2645 .“

999 2699 1052 2732 14.
1076 2698 1178 2739 Quae
1197 2698 1335 2740 patuit.
1380 2700 1501 2733 Guelr.
1516 2699 1679 2741 patitur.

952 2754 1072 2787 Berol.
1100 2756 1138 2786 et
1164 2756 1254 2787 vett.
1285 2755 1363 2786 edd.
1389 2741 1535 2796 pai-uit.
1586 2757 1678 2797 Reg.

952 2815 1036 2852 qua.
1066 2809 1163 2841 Idem
1182 2817 1250 2850 pro
1269 2818 1306 2842 v.
1322 2817 1393 2842 scr.
1411 2811 1450 2842 et
1468 2810 1563 2842 Busl.
1581 2810 1680 2843 tuae.

997 2864 1051 2898 De
1073 2863 1272 2907 aris‚10cis
1290 2865 1464 2907 perfugii,
1483 2864 1619 2898 dictum
1634 2871 1675 2898 es
