1846 3146
218 174 317 225 306

460 175 516 224 Ρ.
553 175 776 226 OVIDII
810 176 1127 231 NASONIS
1162 179 1505 232 TRISTHJM

220 296 388 363 Saepe
421 304 597 347 sonant
631 301 750 348 moti
783 299 947 365 glacie
981 301 1226 367 pendente
1261 303 1447 369 capilli,

287 380 354 429 Et
387 383 509 430 nitet
542 382 743 431 inducto
778 383 989 432 candida
1025 385 1174 435 barba
1208 386 1354 450 gelu3

221 463 468 529 Nudaque
503 468 790 528 consistunt,
828 467 1028 516 formam
1061 471 1314 518 servantia
1345 474 1520 531 testae,

285 547 433 608 Vina,
468 563 562 598 nec
595 548 768 598 hausta
802 553 936 611 meri,
971 550 1063 600 sed
1097 550 1212 600 data
1246 552 1404 601 frusta
1435 552 1619 604 bibunt.

220 629 351 690 Quid
384 631 575 696 loquar,
609 637 664 681 ut
698 635 860 682 cuncti
895 639 1217 698 concrescant
1250 635 1442 700 frigore
1472 638 1587 698 rivi,

1683 637 1750 687 25

287 714 466 780 Deque
498 714 614 765 lacu
647 715 855 781 fragiles
889 717 1184 767 effodiantur
1216 717 1409 783 aquae?

219 881 323 919 (Vid.
344 883 431 915 Tac.
456 883 578 916 Germ.
608 890 639 915 c.
670 882 721 921 ¹7.)
745 885 953 925 tegumenta

176 946 180 951 ·
219 938 412 981 feminum,
458 939 584 980 quibus
624 938 818 970 utebantur
858 938 953 981 Indi,

219 993 335 1035 Medi,
346 995 527 1037 Phryges,
542 994 649 1035 Daci,
666 995 783 1027 Getae
804 995 841 1026 et
855 995 952 1026 Ger-

218 1048 324 1080 mani.
369 1050 634 1085 VidUBr1sson.
659 1051 703 1082 de
721 1058 835 1091 regno
851 1052 952 1082 Pers.

219 1105 247 1134 Ι.
273 1103 307 1143 S.
332 1105 385 1136 63.
410 1105 478 1148 64.,
501 1106 602 1138 Mela
624 1107 670 1137 11.
689 1114 719 1137 c.
738 1107 768 1137 3.
787 1105 834 1146 4.,
857 1106 951 1146 Ιιιν.,

219 1159 296 1192 Sat.
321 1162 374 1202 11,
399 1159 474 1193 169.
485 1183 500 1202 ,
529 1162 696 1193 Perizon.
725 1162 772 1192 ad
800 1160 881 1192 Ael.
904 1160 951 1192 V.

219 1215 263 1248 H.
295 1217 375 1248 XII.
405 1224 436 1248 c.
467 1217 521 1249 32.
571 1216 676 1249 Conf.
699 1215 806 1249 Trist.
830 1216 883 1258 V,
915 1217 952 1257 7,

218 1270 274 1304 49.
309 1274 347 1304 et
382 1272 433 1313 V,
467 1270 525 1314 10,
559 1272 611 1304 34.
670 1271 863 1313 Romanis,
893 1270 954 1311 qui

220 1334 331 1360 crura
354 1335 399 1359 ac
421 1335 555 1370 genua,
576 1330 750 1368 quatenus
771 1328 895 1360 tunica
915 1329 953 1359 et

219 1383 307 1423 toga
336 1388 410 1415 non
447 1385 682 1426 tegerentur,
711 1385 807 1416 nuda
839 1384 951 1415 habe-

218 1437 333 1480 bant,
378 1438 593 1471 braccarum
627 1447 712 1470 usus
749 1447 817 1480 pro
850 1445 952 1470 more

219 1492 382 1526 barbaro*
402 1497 494 1527 erat.
531 1495 616 1526 Vid.
629 1494 782 1528 casaub.
795 1494 839 1524 ad
852 1494 951 1525 Suet.

219 1548 299 1582 Oct.
323 1557 354 1581 c.
379 1548 432 1581 49.
456 1552 493 1582 et
515 1550 569 1582 82.
621 1550 715 1582 Hinc
744 1547 952 1580 braccata-

219 1610 291 1645 que
312 1602 427 1635 turba
449 1604 558 1637 Trist.
581 1605 651 1646 IV,
674 1605 704 1637 6.
730 1604 783 1637 47.

263 1681 317 1714 21.
342 1680 473 1714 Glacie
492 1681 688 1722 pendente.
721 1683 809 1714 Met.
824 1684 855 1724 Ι,
879 1682 952 1715 119.

283 1771 317 1776 —
333 1772 367 1776 —-
383 1770 417 1775 -—
432 1770 467 1775 -—
486 1756 586 1784 ventis
600 1755 714 1791 glacies
733 1756 879 1784 adstricta
897 1764 952 1792 pe-

616 1798 730 1834 pendit.

220 1853 433 1894 Exaggerat
454 1851 566 1893 poeta
588 1861 655 1884 suo
667 1861 780 1884 more.
813 1854 951 1887 Verum

218 1907 255 1939 in
277 1907 347 1938 ista
371 1908 615 1948 descriptione
644 1909 842 1948 Scythicae
873 1911 951 1942 hie-

219 1962 286 1995 mis
309 1964 429 1994 certat
453 1970 533 1993 cum
556 1970 600 1993 eo
613 1962 718 2004 Virg.
732 1964 866 2006 Georg.
882 1968 950 2007 111,

150 2049 152 2051 ,
220 2018 296 2051 349.
320 2019 357 2049 et
378 2025 477 2058 seqq.
485 2039 499 2059 ,
534 2017 593 2057 qui
616 2018 724 2050 etiam
747 2020 791 2051 de
814 2022 950 2053 adstri-

220 2075 283 2105 cta
303 2073 390 2114 gelu
412 2072 528 2104 barba
549 2081 583 2104 v.
608 2073 702 2104 365.:

302 2147 457 2183 Stiriaque
490 2146 619 2182 impexis
659 2147 795 2175 induruit
826 2149 950 2177 horrida

615 2190 729 2219 barbis.

262 2262 317 2294 23.
351 2260 549 2303 Nudaque.
600 2262 702 2303 Lege
728 2261 877 2303 udaque
904 2270 950 2295 ex

220 2315 344 2350 Comb.
388 2316 492 2358 Virg.
517 2317 653 2360 Georg.
676 2319 745 2360 111,
769 2318 845 2351 364.

284 2407 319 2412 -
352 2405 387 2410 —
421 2391 611 2427 caeduntque
637 2391 796 2421 securibus
829 2391 950 2420 humida

616 2436 698 2464 vina.

802 2471 949 2504 Hut'zvs.

219 2539 280 2573 Nil
301 2538 486 2580 scriptura
508 2537 662 2570 omnium
677 2538 854 2573 librorum
877 2548 949 2572 nu-

220 2595 272 2627 da
294 2595 439 2627 melius:
458 2593 606 2636 „Nuda
624 2594 719 2625 testa
733 2596 842 2627 exuta
856 2602 949 2626 con-

219 2650 359 2682 sistunt
387 2650 466 2682 sive
495 2652 594 2683 stant
621 2657 738 2691 neque
769 2650 948 2693 diffluunt,

217 2704 386 2747 for-mam
421 2706 540 2738 testae
569 2705 682 2738 etiam
718 2705 954 2739 servantiaf‘

222 2777 264 2783 -
288 2761 475 2794 claudian.
498 2761 534 2792 in
557 2761 640 2793 Rus.
664 2763 696 2803 1,
718 2760 794 2793 314.

286 2849 319 2854 -
336 2850 369 2855 —
385 2849 418 2855 —
436 2851 468 2855 —
492 2842 670 2871 caesamque
693 2835 800 2864 bibens
818 2835 948 2864 Maeoti-

617 2879 654 2908 da
674 2879 796 2909 Alanus.

1019 884 1066 917 V.
1095 884 1149 917 24.
1181 865 1259 918 I‘al.
1292 884 1322 918 1.
1352 892 1423 918 nec
1459 884 1649 920 eaehausta
1685 888 1751 922 sed

1020 940 1126 973 data.

1062 1035 1116 1067 25.
1151 1034 1296 1068 Cuncti.
1339 1036 1452 1079 neg„
1475 1037 1605 1080 Serv„
1627 1038 1666 1069 11
1688 1036 1752 1069 alii

1019 1091 1140 1123 Heius.
1171 1093 1207 1123 et
1237 1092 1292 1123 ed.
1321 1100 1377 1131 pr.
1413 1090 1545 1124 iuncti.
1599 1093 1751 1134 Repone

1019 1145 1148 1186 vincti,
1170 1148 1209 1178 ut
1232 1146 1267 1177 in
1291 1147 1389 1178 nott.
1412 1148 1539 1188 (etiam
1559 1148 1597 1181 in
1611 1148 1751 1186 Guelf.)

1019 1202 1212 1250 Pont.11,
1220 1202 1257 1243 2,
1281 1201 1313 1233 9.

1085 1276 1237 1312 Terraque
1259 1276 1344 1310 pacis
1368 1275 1467 1310 inops,
1490 1276 1631 1312 undaque
1647 1276 1751 1305 vincta

1416 1319 1498 1354 gelu.

1019 1377 1108 1410 Hor.
1131 1378 1245 1420 Epist.
1269 1378 1302 1419 Ι,
1325 1378 1362 1420 3,
1383 1378 1415 1410 3.

1085 1467 1117 1472 -—-
1150 1467 1184 1471 —
1216 1467 1251 1472 -
1283 1451 1463 1488 Hebrusque
1487 1452 1583 1482 nivali
1606 1453 1751 1489 compede

1414 1496 1547 1528 vinctus.

1600 1546 1750 1595 Humrs.

946 1600 952 1608 ⁸
1018 1613 1203 1654 Apparet,
1221 1601 1327 1652 ¹quae
1359 1621 1457 1646 nunc
1488 1623 1559 1655 pro
1596 1615 1752 1656 vulgata

1019 1667 1082 1709 sit,
1103 1667 1241 1699 Heinsii
1262 1668 1471 1709 scripturae
1489 1667 1611 1701 vincti
1631 1678 1750 1711 prope
1814 1711 1817 1713 .

1019 1723 1157 1755 nullam
1201 1731 1284 1756 csse
1333 1725 1588 1759 auctoritatem
1636 1726 1748 1757 vetu-

1018 1778 1160 1819 statis(
1174 1787 1290 1820 neque
1318 1781 1433 1813 multo
1455 1780 1631 1814 maiorem
1651 1780 1750 1812 alte-

1018 1833 1052 1865 ri
1096 1835 1254 1868 varianti
1297 1834 1439 1876 iuncti5
1494 1844 1579 1869 nam
1622 1843 1749 1868 exem-

1019 1889 1088 1929 plis
1121 1889 1158 1922 in
1186 1890 1257 1923 ista
1291 1891 1502 1931 quaestione
1529 1891 1618 1924 nihil
1662 1891 1745 1924 effi—

1018 1945 1122 1977 citur.
1173 1947 1222 1978 At
1250 1946 1435 1987 scriptura
1469 1946 1624 1979 omnium
1656 1947 1747 1979 vett.

1016 2000 1096 2030 edd.
1122 2001 1159 2031 et
1191 2001 1346 2034 omnium
1374 2009 1492 2042 prope
1521 1991 1624 2034 codd.
1653 2009 1746 2033 cun-

1017 2053 1069 2086 cti
1093 2056 1262 2095 optimam
1280 2057 1619 2098 integer-rimamque
1633 2062 1747 2096 prae-

1016 2109 1078 2142 bet
1098 2110 1331 2143 seutentiam:
1353 2119 1436 2143 nam
1459 2109 1619 2143 cuncti
1646 2109 1747 2143 rivi

1015 2168 1054 2197 et
1076 2164 1177 2207 ipse
1199 2167 1329 2203 (Ister)
1349 2164 1635 2208 papyrifero
1669 2165 1748 2208 qui

1015 2229 1103 2252 non
1125 2219 1376 2263 anyustior
1398 2229 1524 2254 amne
1545 2239 1590 2246 —-
1608 2221 1744 2265 freto

985 2276 1207 2319 teleganter
1229 2278 1469 2318 opponuntur.

1059 2344 1156 2376 Busl.
1179 2345 1217 2375 et
1237 2342 1359 2375 Berol.
1384 2343 1532 2384 loquor.
1559 2358 1603 2365 --
1623 2342 1741 2376 Porro

1015 2400 1092 2432 Pal.
1117 2399 1146 2431 1.
1170 2401 1207 2431 et
1230 2399 1305 2431 VII
1327 2397 1391 2430 alii
1416 2398 1680 2440 concrescunt,
1704 2400 1743 2430 et

1014 2466 1050 2488 v.
1072 2456 1126 2488 26.
1149 2455 1224 2487 Pal.
1255 2455 1286 2487 1.
1316 2456 1355 2487 et
1382 2453 1507 2488 XVIII
1534 2453 1597 2486 alii
1625 2453 1740 2486 Hein-

1014 2512 1073 2554 sii,
1096 2511 1205 2543 etiam
1227 2512 1333 2553 Seg.,
1354 2512 1460 2543 Bern.
1484 2511 1523 2542 et
1543 2509 1622 2542 Bel.
1638 2507 1739 2554 ,effo-

1015 2564 1185 2598 dicentur.

1058 2655 1112 2687 26.
1145 2653 1229 2697 „Et
1249 2660 1371 2695 aquae
1398 2653 1445 2685 de
1467 2652 1555 2685 lacu
1575 2651 1738 2695 frayiles

1016 2708 1264 2751 effodiantur,
1298 2717 1372 2742 non
1402 2708 1532 2755 fluidae
1563 2708 1737 2740 haurian-

1015 2767 1085 2798 tur.
1087 2762 1117 2783 “
1161 2764 1345 2797 claudian.
1368 2763 1404 2796 in
1426 2765 1577 2803 Eutrop.
1595 2764 1646 2804 II,
1663 2762 1737 2795 414.

1080 2849 1114 2854 -
1131 2849 1163 2854 —
1184 2849 1215 2854 -
1235 2832 1318 2861 duris
1338 2831 1458 2860 haurire
1475 2831 1654 2867 bipennibus
1674 2830 1737 2860 He-

1408 2876 1502 2903 hrum.

1826 3111 1827 3114 „
1827 3095 1829 3099 Δ
1819 3083 1821 3086 -
1817 2979 1840 3073 Ἰι,.;.,<Μ,
