1846 3146
185 180 284 230 408

430 181 487 231 P.
523 177 757 232 ovum
779 144 1096 233 NAs'oMs
1131 150 1473 262 Tnls'rmM

186 302 277 351 Nil
310 304 380 351 ita
412 302 619 353 sublime
654 308 745 364 est,
782 302 1025 370 supraque
1057 306 1279 371 pericula
1312 307 1483 369 tendit,

251 385 371 435 Non
404 387 469 435 sit
501 382 554 436 ut
587 386 796 437 inferius
830 390 1226 454 suppositumque
1262 388 1372 439 deo.

185 468 314 518 Nam
350 485 617 534 quanquam
651 472 775 519 vitio
809 486 924 536 pars
960 475 1036 519 est
1071 476 1324 521 contracta
1354 472 1601 535 malorum,

253 552 377 601 Plus
412 557 571 601 tamen
605 555 747 602 exitii
779 555 985 603 numinis
1019 556 1093 602 ira
1126 553 1276 604 dedit.

1647 555 1712 605 50

187 633 259 683 At
291 651 387 684 vos
421 635 654 685 admoniti
686 638 869 685 nostris
904 651 1095 701 quoque
1130 638 1325 687 casibus
1346 639 1480 701 este,

254 717 562 783 Aequantem
594 734 801 787 superos
835 721 1100 771 emeruisse
1138 722 1304 771 virum.
1541 710 1545 713 ’

1471 793 1514 807 ef

968 891 1148 898 ...ἡ

697 1030 1040 1081 ELEGIA
1082 1031 1200 1079 lx.

235 1155 395 1190 launico
417 1156 601 1199 minatur,
623 1156 697 1189 nisi
717 1156 947 1189 maledicere
975 1156 1047 1189 sibi
1074 1165 1122 1189 ac
1150 1157 1197 1189 de
1223 1164 1264 1189 ce
1293 1155 1496 1195 detrahere
1517 1158 1653 1199 cesset,
1676 1165 1716 1190 se

281 1212 372 1245 olim
393 1210 601 1244 vindictam
623 1213 847 1255 sumturum,
869 1213 903 1245 si
925 1211 1073 1256 quidem
1094 1221 1197 1253 spem
1219 1212 1366 1254 habeat,
1388 1221 1427 1244 se
1446 1212 1603 1253 patriae
1623 1212 1716 1244 red-

281 1267 401 1300 ditum
423 1266 496 1307 iri‚·
521 1269 621 1311 quod
643 1267 676 1300 si
700 1276 775 1300 non
796 1268 924 1310 liceat,
947 1268 1118 1301 versibus
1140 1267 1222 1301 eius
1239 1268 1445 1311 nequitiam
1461 1268 1634 1301 notatam
1644 1275 1716 1308 po-

281 1322 453 1357 steritati
475 1322 721 1356 traditurum.

190 1448 251 1499 Si
284 1449 406 1499 licet
440 1454 491 1499 et
522 1451 722 1517 pateris&
758 1465 932 1499 nomen
966 1449 1252 1514 facinusque
1286 1442 1476 1510 tacebo,

258 1532 325 1582 Et
358 1538 442 1581 tua
474 1532 711 1582 Lethaeis
747 1538 858 1582 acta
893 1531 1134 1583 dabuntur
1170 1535 1324 1597 aquis,

191 1615 477 1681 Nostraque
510 1617 739 1665 vincetur
772 1616 987 1665 lacrimis
1023 1616 1280 1665 clementia
1313 1619 1465 1666 serisz

256 1699 365 1749 Fac
398 1698 544 1748 modo
578 1704 629 1749 te
661 1703 828 1766 pateat
859 1700 1160 1765 poenituisse
1194 1702 1286 1760 tui3

190 1848 299 1884 ribus
321 1859 390 1891 pro
414 1849 551 1882 aeneis.
597 1850 702 1885 Conf.
726 1852 815 1883 Met.
838 1840 932 1893 VII,>

193 1906 270 1939 412.
314 1906 398 1938 Vid.
414 1907 510 1948 Byg.
529 1906 570 1939 F.
587 1906 661 1939 148.
691 1908 768 1939 Iun.
780 1906 928 1949 alliqat.

237 1983 292 2016 46.
328 1981 434 2014 Iovis
466 1981 561 2023 iyne.
630 1984 771 2017 Alludit
796 1984 927 2016 iterum

192 2039 238 2073 ad
262 2038 328 2071 illa
350 2038 506 2078 Augusti
521 2038 682 2070 fulmina.
727 2040 809 2072 vid.
834 2041 867 2082 Ι,
891 2041 926 2082 1,

191 2096 246 2127 72.
292 2097 371 2127 Iun.
386 2093 526 2126 valido.
570 2094 699 2126 Dresd.
712 2102 778 2133 pro
791 2103 825 2125 v.
835 2094 926 2132 for-

192 2150 280 2185 tius.
325 2151 372 2184 V.
395 2150 450 2183 47.
479 2150 585 2185 Barb.
601 2148 771 2191 piacula.
806 2148 925 2182 Guelf.

189 2205 367 2249 pericula
387 2205 500 2239 venit.

239 2286 293 2319 48.
316 2283 570 2327 suppositum,
588 2283 799 2317 subiectum.
828 2282 928 2314 Idem

194 2342 294 2375 Fast.
323 2343 401 2383 vl,
432 2340 486 2374 48.
544 2338 658 2374 Latio
688 2335 927 2381 supposuisse

193 2398 348 2430 Samon.

241 2475 305 2508 49.ι
329 2474 432 2507 Nam
454 2479 679 2515 quanquam.
723 2472 800 2503 Iun.
816 2469 927 2510 post-

195 2537 319 2573 quam.
365 2529 442 2562 Pal.
465 2529 496 2559 2.
521 2529 558 2559 et
583 2528 718 2562 Bersm.
742 2523 929 2557 eaehausta

193 2587 396 2618 malorum.
440 2585 580 2616 Bmun.
624 2580 812 2614 Numinis.
851 2582 928 2614 Ge-

194 2642 373 2675 neraliter
393 2640 571 2680 loquitur,
601 2637 763 2678 quamvis
786 2636 928 2679 signifi-

195 2698 256 2730 cet
277 2697 491 2737 Augustum.
535 2694 619 2727 vid.
642 2694 674 2736 1,
699 2693 734 2736 1,
757 2695 812 2726 20.

239 2772 295 2806 ³1.
328 2769 523 2805 Admoniti
552 2771 638 2802 este.
689 2772 837 2804 Metam.
865 2771 928 2805 IV.

196 2828 314 2861 estote
335 2827 475 2869 rogati.
519 2828 669 2859 Sueten.
693 2825 798 2859 Caes.
821 2834 852 2858 c.
873 2827 927 2858 32.

195 2883 302 2917 iacta
329 2884 419 2917 alea
446 2883 537 2916 esto.
607 2882 712 2916 cons.
735 2883 771 2923 1,
806 2882 850 2924 3,
873 2881 927 2915 34.

993 1850 1090 1883 Busl.
1118 1848 1325 1882 admonitu.
1377 1848 1454 1882 Pal.
1484 1848 1515 1882 1.
1546 1849 1584 1882 et
1612 1848 1719 1883 Goth.

993 1904 1212 1947 ammonitu,
1238 1909 1276 1938 ut
1299 1907 1522 1938 constanter.

1037 1983 1090 2014 52.
1123 1982 1363 2024 Aequantem.
1433 1981 1539 2014 Barb.
1570 1982 1607 2014 et
1639 1981 1719 2015 Bel.

993 2038 1241 2078 aequandum.
1286 2028 1384 2070 Idffin
1406 2038 1485 2069 Rel.
1499 2034 1657 2076 supffls.

1037 2092 1273 2134 Emeruisse,
1295 2093 1466 2135 gratiam,
1491 2093 1656 2124 favorem
1678 2098 1720 2122 e-

992 2147 1048 2180 ius
1071 2148 1200 2180 officiis
1224 2149 1358 2180 vestris
1388 2148 1619 2180 conciliasse.
1665 2148 1720 2179 A-

993 2211 1084 2237 mor.
1106 2205 1155 2246 11,
1178 2204 1215 2246 8,
1238 2204 1294 2237 24.

1223 2396 1404 2428 ELEGIA
1427 2396 1488 2427 IX.

1037 2466 1070 2497 2.
1102 2459 1452 2504 Lethaeis—aquis.
1497 2460 1580 2494 Vid.
1598 2461 1722 2501 adlv,

994 2521 1030 2562 1,
1054 2519 1107 2551 47.
1637 2522 1644 2527 ·

1040 2603 1072 2635 3.
1105 2600 1308 2643 Displicent
1333 2600 1537 2632 Burmann«)
1564 2598 1631 2632 illa
1652 2606 1724 2629 no-

993 2658 1152 2699 straque
1171 2655 1347 2688 vincetur
1368 2652 1539 2686 lacrimis
1561 2653 1724 2684 clemen-

996 2712 1068 2754 tia,
1098 2713 1182 2753 quia
1205 2708 1405 2743 clementia
1431 2717 1507 2740 mm
1533 2706 1724 2747 vincatur,

994 2768 1064 2800 nisi
1094 2767 1236 2799 delictis
1244 2787 1259 2808 ,
1293 2765 1415 2806 itaque
1447 2772 1598 2806 prorsus
1633 2770 1724 2795 con-

995 2822 1162 2863 trarium,
1185 2829 1290 2862 quam
1312 2821 1406 2862 quod
1434 2819 1610 2852 orationis
1633 2825 1725 2850 con-

994 2880 1117 2911 textus
1140 2878 1325 2919 postulet,
1353 2876 1506 2909 dicatur.
1573 2873 1639 2907 cui
1660 2880 1724 2905 as-
