1846 3146
149 158 248 209 106

406 159 463 209 P.
500 128 737 210 OVIDII‘
758 143 1075 216 NASONIS
1113 159 1463 211 TRISTIUM

146 280 266 330 Non
300 295 396 346 ego
430 286 482 330 te
515 283 729 347 genitum
761 282 959 348 placida
991 298 1106 332 reor
1138 282 1259 331 urbe
1295 282 1502 344 Quirini,

215 363 366 425 Urbe,
402 380 510 414 meo
547 380 671 439 quae
706 367 800 415 iam
835 381 932 415 non
963 364 1191 416 adeunda
1223 365 1353 432 pede
1387 370 1493 426 est,

150 445 259 496 Sed
292 447 539 514 scopulis,
575 448 726 498 Ponti
762 464 883 514 quos
917 448 1051 498 haec'
1075 449 1224 498 habet
1259 464 1346 497 ora
1380 450 1580 508 sinistri,

217 531 372 595 Inque
405 530 527 580 feris
563 530 804 598 Scythiae
839 531 1221 597 Sarmaticisque
1253 533 1411 596 iugis3

1621 530 1692 579 40

147 613 215 662 Et
247 618 330 683 tua
364 618 476 663 sunt
508 613 666 668 silicis
700 617 881 666 circum
902 615 1209 681 praecordia
1241 629 1418 675 venae,

214 678 282 746 Et
316 696 528 762 rigidum
562 698 683 748 ferri
718 700 902 749 semina
934 704 1107 765 pectus
1141 698 1312 758 habet3

146 838 240 872 opus
262 833 321 864 est
344 831 558 865 coniectura
574 832 723 865 Francii
745 832 879 874 tequa-

147 885 225 917 tur.
286 887 343 920 De
379 888 495 920 Lethe
535 887 645 920 fluvio
682 887 884 921 inferorum

146 941 222 974 vid.
245 943 292 974 ad
314 944 389 986 Ν,
419 943 454 986 1,
483 943 538 975 47.
560 960 604 967 -
626 943 733 975 Bern.
755 941 883 977 missa.

147 998 227 1030 Rel.
251 1000 290 1032 et
312 1000 390 1032 Iun.
413 1006 495 1040 que.

193 1087 246 1118 37.
283 1083 459 1127 Placida,
482 1085 543 1118 ubi
561 1085 734 1118 humanus
749 1086 883 1128 cultus,

145 1143 309 1175 mitiores
320 1150 451 1175 mores.
483 1143 563 1175 Put.
573 1140 734 1183 placita.
770 1140 883 1172 Hein-

145 1198 220 1230 sius
250 1205 271 1228 e
299 1198 390 1230 solis
420 1198 498 1230 Pal.
525 1197 555 1230 1.
587 1200 625 1230 et
654 1198 710 1229 ed.
738 1205 794 1237 pr.
817 1204 885 1228 sua

146 1253 283 1295 primus
309 1253 406 1286 dedit
426 1253 586 1295 placida
611 1263 694 1296 qen.
740 1250 883 1291 Reliqui

147 1311 251 1343 codd.
277 1311 314 1342 et
336 1312 427 1342 vett.
439 1312 520 1343 edd.
539 1318 662 1343 omnes
674 1316 757 1351 yen.
779 1307 883 1347 plac.

145 1382 189 1388 --
202 1367 278 1399 Pal.
294 1365 341 1408 1.,
364 1367 465 1409 seg„
488 1366 605 1409 Leid.,
627 1365 764 1406 Bet-ol„
787 1365 883 1396 Mor.

144 1430 214 1462 pro
238 1432 274 1454 v.
297 1429 370 1455 scr.
393 1424 486 1454 reor
509 1431 589 1455 esse
602 1419 761 1462 Quirini.
803 1418 883 1450 Rel.

147 1475 240 1508 urbe
262 1478 325 1510 vel
349 1485 439 1511 esse.
461 1494 507 1503 ·——

198 1553 298 1586 Urbe
322 1554 473 1594 Quirini
497 1564 565 1597 pro
582 1555 710 1597 Roma.
744 1549 886 1586 Vi'd.ad

146 1611 179 1652 1,
203 1611 238 1653 3,
263 1612 316 1643 33.
340 1613 378 1644 et
402 1613 499 1645 conf.
523 1613 555 1654 1,
578 1613 615 1654 5,
639 1610 692 1643 69.

191 1690 246 1722 38.
281 1690 377 1723 Esse
397 1697 478 1722 meo
502 1688 626 1730 Goth„
639 1687 754 1730 Gau„
775 1687 888 1730 Busl.,

147 1747 198 1777 111
230 1746 293 1779 alii
323 1746 445 1779 Heius.
485 1746 524 1778 et
563 1745 670 1776 Bern.
709 1759 757 1774 -,
790 1741 888 1783 Iam,

148 1802 181 1833 h.
205 1809 236 1834 e.
260 1810 334 1834 non
357 1800 522 1842 amplius.
583 1797 689 1832 Conf.
713 1807 749 1829 v.
773 1797 828 1828 23.
852 1797 890 1828 et

147 1859 179 1900 I,
191 1859 226 1899 3,
240 1858 293 1890 32.
325 1856 399 1888 Est
409 1857 445 1887 in
455 1855 526 1887 fine
540 1853 709 1886 omittunt
727 1851 888 1894 Pirckh.,

147 1912 267 1955 heich,
288 1912 341 1944 111
365 1910 428 1943 alii
450 1909 572 1942 Heius.
597 1910 634 1940 et
655 1909 762 1940 Bern.

195 1991 250 2023 39.
284 1989 363 2022 Sed
391 1985 570 2029 scopulis.
640 1984 672 2017 E
707 1982 887 2025 scopulis,

148 2045 322 2087 rupibus,
357 2044 469 2085 mari,
497 2041 630 2075 belluis
638 2052 663 2082 ,¹
682 2040 786 2072 ferro
811 2040 887 2074 nati

150 2106 188 2135 et
211 2109 234 2134 a
259 2100 350 2134 feris
374 2097 502 2131 nutriti
525 2096 604 2129 duri
623 2098 731 2138 atque
752 2098 886 2128 crude-

148 2158 204 2190 les
228 2157 391 2189 homines
421 2163 445 2186 a
472 2154 592 2195 poetis
621 2153 659 2186 in
694 2151 886 2184 affectibus

150 2220 330 2254 persaepe
362 2213 553 2252 dicuntur,
580 2217 651 2242 nee
683 2216 792 2241 rarus
820 2209 887 2240 *est

150 2270 214 2300 ille
239 2268 381 2300 dicendi
410 2268 559 2308 modus,
591 2267 631 2298 ut
652 2266 781 2305 pectus
805 2261 887 2294 duri

152 2324 303 2356 hominis
327 2320 636 2367 dicatur-lapide,
666 2319 803 2352 robore
825 2319 889 2349 aut

154 2388 242 2412 aere
267 2380 551 2419 circumdatum,
580 2376 635 2408 sic
665 2375 705 2407 ut
726 2372 816 2405 nihil
842 2372 887 2404 ad

150 2436 241 2467 illud
265 2436 480 2467 movendum
493 2434 556 2465 ant
578 2430 796 2472 tangendum
818 2436 887 2469 pe-

151 2492 301 2522 netrare
324 2490 451 2531 possit.
496 2487 665 2522 Hom-11.
688 2486 790 2526 XVI,
812 2485 867 2516 33.

222 2564 362 2612 Νήλεες
392 2560 460 2599 ov'n
493 2558 566 2607 ἄρα
600 2560 661 2595 σοί
687 2573 727 2606 »γε
766 2559 888 2605 πατὴρ

485 2609 533 2662 ἦν
563 2614 707 2651 ἱππότα
730 2613 887 2659 Πηλεὺς,

225 2672 323 2711 Ουδε
349 2672 455 2714 Θέτις
476 2672 607 2718 μήτηρ,
630 2670 766 2716 γλαυκὴ
789 2668 828 2705 δέ
851 2680 888 2705 σε

484 2729 581 2763 τίκτε
603 2726 792 2770 θάλασσα,

225 2785 362 2831 Πέτραι
383 2782 415 2820 τ’
439 2782 608 2829 ἠλίβατοι
637 2779 695 2818 ὅτι
723 2795 780 2818 τοι
802 2781 888 2823 νόος

485 2837 580 2874 ἐστὶν
605 2838 758 2884 απηνής.

900 1590 908 1606 Ι
950 1562 1020 1605 qis.

951 833 1034 866 Vid.
1058 833 1190 865 Aesch.
1213 831 1394 865 Prometh.
1422 840 1458 863 v.
1481 831 1581 872 250„
1612 817 1688 863 Eu-

951 889 1023 930 rip.
1047 889 1144 921 Med.
1167 897 1206 920 v.
1237 887 1358 930 1279„
1388 886 1534 919 Hesiod.
1566 886 1629 919 Ἧι.
1653 896 1688 918 v.

952 944 1045 986 ¹764„
1066 945 1220 976 Theocr.
1266 944 1316 975 Id.
1340 944 1406 984 m,
1431 942 1499 985 15„
1521 942 1628 983 Virg.
1644 943 1688 974 A.

951 1000 1029 1041 IV,
1060 1000 1137 1032 365.
1146 1020 1160 1041 ,
1190 1000 1278 1031 Hor.
1313 998 1378 1032 Od.
1409 999 1452 1041 1,
1482 999 1519 1039 3,
1548 998 1580 1030 9.
1603 997 1689 1038 ibiq.

951 1054 1153 1087 Mitscherl.
1206 1053 1283 1086 Tib.
1321 1054 1360 1095 I,
1396 1052 1437 1095 1,
1470 1054 1533 1089 63.
1569 1049 1722 1093 ibique'

948 1110 1067 1150 Heyn.
1123 1109 1288 1142 Omnium
1317 1110 1437 1140 autem
1467 1108 1689 1149 frequentis-

948 1165 1037 1196 sime
1073 1173 1118 1196 ea
1153 1165 1323 1197 oratione
1365 1172 1450 1196 usus
1493 1163 1549 1194 est
1577 1163 1690 1195 Naso.

949 1219 1058 1252 Trist.
1076 1221 1142 1262 111,
1169 1219 1225 1262 11,
1250 1221 1299 1261 3.,
1321 1209 1506 1261 Menvn,
1529 1219 1600 1261 33.,
1623 1219 1690 1260 lx,

950 1275 1042 1316 613„
1072 1277 1197 1307 Amor.
1226 1276 1293 1317 ΠΙ,
1323 1276 1359 1317 6,
1395 1276 1464 1317 59.,
1494 1275 1580 1307 ner.
1602 1274 1690 1315 VII,
1721 1314 1723 1316 q

951 1330 1021 1372 37„
1045 1331 1091 1371 X,
1117 1330 1191 1362 132.
1238 1332 1382 1364 Laudat
1401 1339 1480 1362 eam
1499 1329 1689 1371 imaginem

950 1385 1136 1418 Plutarch.
1167 1387 1211 1418 de
1244 1387 1395 1419 Sollert.
1431 1389 1463 1419 5.
1513 1383 1684 1417 Sinistri.

951 1441 1033 1474 vid.
1056 1443 1131 1474 not.
1155 1442 1200 1473 ad
1225 1443 1257 1484 I,
1281 1442 1317 1484 2,
1340 1442 1395 1474 83.
1601 1439 1603 1441 ’

997 1508 1050 1540 40.
1083 1506 1261 1547 Scythiae
1292 1503 1593 1547 Sarmaticisque
1624 1504 1688 1538 iu-

1066 1564 1194 1597 Douza
1211 1564 1371 1596 malebat
1381 1560 1688 1603 San-anatiaeque,

953 1622 992 1652 et
1011 1619 1066 1652 ita
1088 1619 1267 1652 Francius
1295 1620 1332 1652 in
1363 1627 1432 1657 ora
1463 1617 1600 1651 codicis
1623 1618 1691 1649 sui.

953 1675 1093 1708 Bmm.
1159 1676 1238 1717 Ego
1267 1678 1410 1708 mutare
1445 1682 1519 1706 non
1554 1674 1689 1705 audeo:

954 1729 1226 1770 nam‘Scythioee
1247 1732 1347 1762 tenet
1368 1729 1490 1762 locum
1503 1728 1688 1761 adiectivi.

955 1787 1040 1829 Seg.
1064 1794 1120 1818 ve.
1154 1786 1234 1818 Bel.
1258 1784 1370 1827 inque
1392 1783 1487 1817 loeis
1498 1784 1689 1825 scythiae.

951 1886 956 1891 -
999 1865 1053 1898 41.
1087 1863 1375 1897 &licievenaa
1429 1863 1567 1895 Eadem
1588 1863 1691 1904 peri-

952 1921 1098 1963 phrasis
1129 1921 1186 1953 est
1215 1920 1311 1960 apud
1340 1918 1448 1971 Virg.
1477 1918 1522 1950 A.
1551 1918 1620 1960 VI,
1657 1919 1690 1950 6.
1738 1932 1750 1949 ·.

993 2001 998 2006 ·
1020 2010 1054 2014 -
1071 2009 1106 2014 —
1120 1992 1292 2034 —quaerit
1310 1999 1380 2027 pars
1399 1993 1515 2020 semina
1533 1990 1674 2018 flammae

1021 2036 1170 2065 Abstrusa
1188 2036 1220 2064 in
1235 2035 1324 2064 venis
1341 2035 1439 2063 silicis
1456 2049 1493 2056 —
1506 2049 1542 2056 —
1556 2049 1592 2057 --
1607 2040 1643 2056 -·—

951 2108 1023 2142 Sed
1048 2106 1083 2138 in
1106 2105 1174 2139 illo
1197 2105 1364 2139 Maronis
1395 2106 1483 2139 loco
1508 2102 1560 2138 'ea
1589 2105 1691 2148 peri-

951 2160 1094 2206 phrasis
1118 2162 1326 2208 elegantior
1339 2163 1406 2195 est.
1450 2163 1506 2195 De
1525 2169 1568 2201 re
1591 2161 1695 2194 co'nf.
1726 2195 1728 2197 ,

951 2221 1039 2265 Met.
1072 2219 1138 2261 IX,
1168 2217 1260 2261 613„
1291 2219 1377 2263 vn,
1408 2219 1461 2250 33.
1499 2211 1551 2239 —‘
1579 2217 1694 2260 Gall„

955 2273 1122 2315 Pirckh.,
1153 2281 1244 2305 unus
1266 2274 1375 2316 Van,
1406 2272 1529 2305 Heius.
1553 2272 1597 2303 ed
1619 2276 1693 2314 pia,

956 2331 994 2362 et
1012 2330 1067 2361 ed.
1082 2321 1219 2362 Bonon.
1235 2327 1396 2361 silicum.
1446 2327 1589 2375 Gueln,
1613 2327 1693 2360 Pol.

957 2386 1010 2428 1.,
1043 2385 1119 2418 Pal.
1149 2385 1181 2417 2.
1214 2385 1253 2445 et
1274 2384 1360 2416 Vat.
1385 2383 1415 2415 1.
1439 2382 1566 2416 silices
1597 2390 1630 2415 c.
1650 2390 1691 2423 p.

955 2439 1050 2473 nati.

1000 2509 1053 2540 42.
1087 2505 1219 2538 Habet.
1288 2505 1439 2538 Habent
1467 2507 1548 2538 cod.
1580 2506 1693 2550 M⁰!'·›

955 2564 1035 2596 Rei.
1060 2564 1097 2595 et
1120 2563 1176 2594 ed.
1198 2563 1334 2593 Bonon.
1364 2563 1491 2594 Recte.
1539 2560 1601 2593 Sic
1622 2567 1692 2601 pe-

957 2619 1069 2650 ctora
1090 2625 1253 2658 somnus,
1279 2617 1424 2657 terror,
1439 2606 1594 2647 moeror
1617 2614 1691 2646 ha-

957 2675 1029 2716 bet,
1053 2676 1090 2706 et
1112 2668 1243 2704 similia
1266 2673 1362 2712 apud
1385 2672 1567 2703 Nasonem
1608 2668 1692 2701 vid.

957 2732 1032 2762 not.
1068 2730 1113 2760 ad
1148 2728 1264 2767 Epist.
1297 2728 1385 2768 XII,
1422 2725 1496 2756 170.
1542 2724 1690 2756 Hmzvs.

959 2785 1062 2818 Conf.
1086 2785 1146 2816 Tr.
1170 2783 1237 2824 ΙΙΙ,
1270 2782 1316 2824 8,
1351 2781 1429 2822 24.,
1460 2782 1526 2823 111,
1561 2779 1622 2822 11,
1659 2781 1691 2811 3.

958 2841 1030 2872 Sed
1063 2840 1096 2871 id
1133 2848 1228 2871 nune
1258 2846 1330 2871 non
1363 2834 1563 2878 quaeritur,
1586 2843 1634 2868 an
1657 2835 1690 2866 h.

1566 2961 1590 2980 Β
