1846 3146
171 193 271 244 398

415 193 472 243 Ρ.
508 192 733 244 OVIDII
766 194 1083 263 NASONIS
1117 199 1460 252 TRISTIUM
1520 216 1529 221 “
1600 220 1603 222 ’

173 317 242 365 Di
276 317 475 378 faciant,
511 323 566 365 ut
600 331 750 383 saepe
783 321 867 366 tua
900 320 966 367 sit
999 322 1212 386 epistola
1245 322 1422 373 dextra

239 400 454 466 Scripta,
491 398 582 448 ned
618 414 646 447 e
680 399 842 448 multis
876 401 1073 452 reddita
1106 405 1244 453 nulla
1277 404 1419 453 mihi!

173 484 320 547 Quod
353 498 546 555 precor,
583 498 695 532 esse
729 482 897 549 liquet.

967 483 1179 536 Credam
1210 489 1362 555 priuS,
1402 504 1490 538 ora
1520 409 1703 540 Me-1⁰

1038 569 1192 619 dusae

240 650 491 715 Gorgonis
525 651 779 715 anguineis
814 654 974 702 cineta
1007 653 1164 702 fuisse
1201 654 1377 716 comis3

171 736 301 786 Esse
335 748 484 784 canes
514 738 655 782 utero
691 734 780 783 sub
813 736 1052 800 virginis3
1088 751 1201 784 esse
1238 733 1559 800 Chimaeram,

238 818 291 868 A
324 823 463 867 truce
499 832 623 882 quae
657 817 856 866 flammis
889 823 1086 886 separet
1120 834 1280 883 angue
1314 819 1465 881 leam3

171 1002 261 1042 (nisi
293 1001 405 1043 qnod:
438 998 574 1031 totiens
603 1001 641 1033 et
676 1009 748 1033 cur
777 1000 814 1032 te
836 1009 904 1041 pro

173 1053 470 1098 chartae),‘Pal.
492 1057 546 1099 2.,
578 1058 656 1089 Iun.
675 1058 712 1089 et
737 1056 837 1089 Leid.
860 1072 906 1078 —

172 1117 274 1157 Put„
303 1112 414 1154 Reg.,
444 1113 572 1155 Serv.,
606 1112 726 1152 Busl.,
749 1109 818 1142 XV
842 1109 905 1142 alii

172 1171 309 1211 Heius„
333 1169 455 1210 Goth„
479 1168 615 1209 Guels.,
637 1169 758 1207 Bern.,
786 1165 905 1198 nostri

171 1226 209 1259 V
232 1227 269 1257 et
292 1225 380 1256 vett.
404 1224 483 1254 edd.
513 1230 583 1254 cur
614 1220 760 1263 quoties
788 1220 906 1253 alicui

171 1280 330 1314 chartae
352 1287 422 1310 sua
444 1288 477 1311 v.
501 1279 536 1311 d.
583 1277 681 1311 Gall.
703 1285 774 1308 sua
797 1278 906 1310 omit·

172 1336 227 1369 tit.
272 1337 367 1367 Mor.
391 1335 428 1365 et
450 1332 616 1365 nonnulli
642 1327 720 1374 (ἓ),
744 1334 800 1365 ed.
823 1334 905 1366 ΑΜ.

172 1394 210 1424 et
222 1391 333 1423 aliae:
357 1396 428 1421 cur
443 1386 587 1429 quoties
602 1387 698 1424 (sive
718 1388 905 1429 quotiens]

172 1445 287 1480 alicui
310 1446 398 1478 dum
421 1444 475 1476 ch.
489 1452 523 1475 v.
537 1444 585 1485 d„
597 1451 643 1475 ex
660 1451 730 1484 quo
749 1447 905 1486 apparet

171 1505 302 1537 Aldum
337 1500 506 1532 unumvel
535 1500 691 1532 alterum
726 1501 903 1543 codicem,

173 1559 233 1600 qui
258 1556 366 1589 toties
397 1555 581 1597 exhibent,
611 1555 754 1588 vidisse.
799 1559 904 1590 Mer-

172 1615 237 1647 kel
260 1613 375 1646 dedit:
404 1619 475 1643 cur
502 1610 615 1642 toties
644 1610 761 1643 alicui
776 1613 904 1645 'char-

173 1671 236 1703 tae
265 1677 334 1701 sua
355 1676 390 1700 υ.
418 1667 472 1708 «1.,
497 1667 617 1698 Illam
639 1668 794 1708 speravi
817 1672 903 1712 etc.,

171 1727 346 1759 contorta
365 1725 555 1755 structura
583 1731 652 1756 nec
680 1725 771 1756 satis
793 1724 905 1765 plana

170 1780 363 1816 sententia.
407 1779 497 1811 Mihi
513 1786 603 1810 vera
616 1779 778 1821 videtur,
800 1787 904 1821 quam

173 1837 269 1878 dedi,
281 1834 466 1874 scriptura
489 1834 642 1865 omnium
659 1842 777 1876 prope
800 1835 902 1866 codd.

171 1894 210 1925 et
241 1893 333 1924 vett.
365 1890 443 1921 edd.
454 1899 465 1930 ;
510 1897 627 1931 neque
667 1891 788 1922 tamen
822 1897 903 1922 cum

170 1947 375 1980 Burmanno
408 1943 564 1984 speravi
589 1945 834 1985 accipiendum
860 1953 902 1977 e-

170 1999 315 2033 xistimo
353 2007 420 2041 pro
455 1999 614 2041 frustra
639 2001 805 2043 speravi,
837 2004 902 2034 sed

170 2055 338 2097 proprie:
369 2062 457 2096 cur,
487 2055 631 2096 quoties
659 2079 669 2088 .
700 2079 709 2087 .
742 2078 768 2096 .,
792 2055 903 2088 illam

170 2108 335 2152 speravi.
358 2132 368 2141 .
391 2131 401 2140 .
457 2109 516 2142 Sc.
540 2118 612 2142 non
636 2119 749 2152 usque
771 2119 902 2152 spera-

139 2168 147 2175 ‘
172 2169 291 2208 turus,
313 2165 345 2198 si
365 2165 436 2197 iam
459 2173 565 2197 unam
578 2167 639 2198 vel
656 2167 811 2199 alteram
834 2174 902 2198 ac-

173 2222 342 2264 cepisset.
387 2222 516 2254 Dresd.
541 2220 652 2253 toties
672 2220 760 2253 alic.
784 2220 902 2252 char-

172 2279 235 2311 tae
258 2278 346 2310 dum
375 2285 410 2309 v.
434 2275 570 2317 demsi‚
603 2285 671 2317 pro
700 2286 736 2308 v.
764 2284 838 2308 scr.
866 2275 904 2308 et

171 2342 243 2366 sua
264 2332 362 2366 vinc.
407 2333 472 2366 Ed.
486 2333 623 2364 Bonon.
642 2330 768 2364 alacri
783 2332 901 2363 clear-

173 2390 245 2422 tae.
303 2389 392 2422 Exc.
421 2389 552 2430 Voss„
592 2388 685 2420 alius
714 2387 837 2418 Heius.
866 2389 904 2420 et

172 2445 281 2478 Goth.
304 2441 422 2475 demsi
442 2452 472 2475 s.
495 2453 532 2476 v.
551 2443 721 2475 chartae.
767 2445 851 2485 Seg.
867 2453 903 2476 v.

172 2499 204 2531 8.
226 2498 325 2530 hanc
346 2501 422 2530 non
443 2497 611 2540 speravi.
655 2500 735 2532 Bel.
758 2508 781 2532 a
804 2500 835 2533 1.
857 2509 903 2533 m.

172 2553 239 2586 tui.

217 2621 272 2653 De
294 2620 360 2652 illo
383 2627 453 2652 sua
479 2621 576 2654 conf.
601 2623 645 2654 A.
669 2623 712 2654 A.
735 2621 803 2658 111,
825 2619 902 2652 272.

177 2675 351 2708 Vincula.
376 2675 602 2710 claudebant
618 2676 711 2708 enim
729 2675 903 2716 epistolas

171 2731 240 2774 ita,
262 2733 303 2763 ut
325 2731 561 2772 complicatas
585 2731 660 2764 lino
681 2731 902 2772 obligarent,

173 2789 212 2820 et
232 2785 271 2819 in
283 2785 420 2818 vinculi
435 2788 532 2819 nodo
547 2786 685 2829 sigilla,
700 2786 820 2828 signa,
835 2785 903 2817 im-

173 2842 384 2884 primerent.
439 2841 514 2874 CIc.
546 2843 658 2875 Acad.
688 2842 751 2874 IV.
780 2849 811 2874 c.
833 2842 903 2884 26„

173 2907 243 2940 pro
265 2897 404 2931 Flacco
427 2906 459 2931 c.
483 2897 550 2940 16„
573 2897 681 2931 catu.
704 2897 773 2939 ΠΙ,
801 2905 832 2930 c.
855 2899 903 2940 5.,

944 1035 953 1038 „
971 1003 1075 1036 Pont.
1099 1004 1169 1045 111,
1192 1002 1239 1046 7,
1261 1005 1294 1036 5.
1344 1002 1428 1037 Via.
1449 1004 1548 1047 upa.
1568 1006 1614 1038 de
1636 1007 1701 1039 In·-

971 1058 1044 1090 stit.
1066 1059 1180 1100 Epist.
1204 1069 1236 1091 c.
1256 1059 1311 1092 40.

1017 1136 1070 1168 10.
1103 1136 1140 1168 Ε
1161 1136 1300 1170 multis.
1332 1138 1401 1171 XV
1413 1137 1550 1180 Heius„
1563 1137 1700 1181 ouem,

970 1192 1099 1224 Dresd.
1113 1195 1149 1225 et
1163 1193 1281 1225 Berol.
1305 1202 1365 1226 etv.
1415 1195 1491 1226 Pal.
1505 1194 1534 1226 1.
1550 1193 1700 1236 scripta

971 1245 1022 1278 sit
1044 1255 1075 1278 e.
1119 1248 1215 1290 Bel„
1232 1249 1334 1282 Leid.
1353 1252 1391 1283 et
1403 1250 1510 1284 (ἶπον.
1524 1247 1616 1282 mih
1632 1250 1700 1283 est.

1016 1323 1070 1356 11.
1103 1323 1285 1357 Medusae
1307 1324 1504 1368 Geryonis.
1550 1328 1700 1371 Gorgo-

970 1388 1035 1412 nes
1058 1381 1188 1413 Phorci
1211 1381 1308 1413 filiae
1315 1403 1330 1424 ,
1360 1384 1533 1427 Medusa,
1562 1385 1699 1417 Stheno

971 1438 1008 1468 et
1043 1436 1230 1479 Euryale,
1269 1443 1362 1477 quae
1397 1438 1600 1479 anquina-5
1636 1439 1699 1472 vel

972 1499 1094 1532 angue
1125 1492 1302 1534 nodosos,
1326 1493 1367 1524 ut
1389 1495 1446 1525 est
1479 1495 1583 1527 Pont.
1617 1494 1700 1539 HL,

973 1548 1151 1590 capillos,
1180 1556 1309 1580 aereas
1338 1557 1465 1582 manus
1493 1552 1530 1582 et
1567 1558 1702 1584 aureas

972 1602 1050 1634 alas
1074 1601 1269 1645 habebant,
1298 1605 1335 1636 et
1357 1606 1533 1647 quemvis,
1554 1605 1614 1647 qui
1636 1614 1701 1639 eas

972 1658 1199 1700 adspiceret,
1243 1660 1280 1691 in
1313 1660 1468 1701 lapidem
1504 1662 1700 1694 mutabant.

972 1713 1062 1745 Aliis
1085 1714 1295 1747 auctoribus
1329 1716 1422 1755 hanc
1443 1716 1516 1749 vim
1538 1724 1610 1754 una
1631 1717 1699 1749 ha-

971 1769 1047 1800 buit
1068 1770 1221 1801 Medusa
1243 1778 1347 1810 quam
1372 1771 1528 1804 Perseus
1553 1771 1700 1804 occidit.

970 1823 1052 1856 Vid.
1074 1825 1119 1855 ad
1143 1825 1194 1866 11,
1217 1823 1309 1866 401„
1331 1826 1400 1867 111,
1422 1825 1458 1867 8,
1481 1827 1528 1869 6.,
1550 1827 1653 1860 Pont.
1666 1828 1700 1870 1,

968 1880 1004 1922 ε,
1027 1879 1096 1921 2⁷„
1119 1880 1215 1920 nyg.
1236 1881 1324 1912 Fan.
1347 1882 1401 1913 63.
1424 1880 1498 1924 64.,
1520 1871 1699 1923 Aponon.

971 1936 1017 1967 11.
1040 1943 1071 1967 c.
1096 1936 1141 1977 3.,
1165 1937 1252 1968 Met.
1275 1932 1331 1978 V,
1349 1935 1426 1969 242.
1450 1937 1487 1970 et
1509 1934 1584 1978 IV,
1606 1936 1701 1980 614„

970 1989 1076 2031 Virg.
1099 1991 1142 2022 A.
1165 1991 1215 2031 11,
1239 1988 1315 2023 616.
1338 1994 1375 2023 et
1397 1992 1505 2033 vm,
1530 1991 1605 2032 435.
1627 1993 1699 2025 ibi-

971 2053 1039 2086 que
1068 2046 1185 2086 Heyn.
1214 2061 1260 2068 —-
1286 2047 1407 2079 Ber-ol.
1430 2054 1536 2088 quae.
1591 2047 1699 2085 Goth.

970 2103 1008 2132 et
1031 2101 1139 2134 Crev.
1162 2100 1280 2142 liquet
1301 2109 1380 2133 esse
1399 2088 1553 2143 precor.
1581 2116 1626 2126 ·—
1649 2102 1697 2136 V.

970 2155 1022 2187 12.
1045 2156 1146 2189 Leid.
1169 2155 1349 2197 Gorgona
1369 2155 1582 2197 sanquineis
1604 2165 1699 2190 can-

967 2211 1042 2243 cta.
1100 2211 1174 2244 Pal.
1198 2211 1229 2243 1.
1259 2214 1298 2243 et
1332 2211 1424 2244 alius
1453 2209 1698 2252 unguit-umis.

967 2265 1128 2308 Pirckh.,
1146 2267 1252 2300 Serv.
1270 2269 1307 2300 et
1327 2269 1365 2300 11
1383 2267 1446 2300 alii
1465 2265 1603 2300 Heinsii
1623 2274 1698 2301 an-

966 2320 1146 2362 quiqenis.

1013 2398 1066 2430 13.
1088 2386 1195 2430 ¹Esse
1229 2405 1343 2431 canes
1381 2397 1504 2433 utero.
1563 2401 1697 2443 Scylla

968 2454 1100 2487 Phorci
1139 2455 1235 2496 filia,
1270 2462 1384 2498 quae,
1420 2463 1500 2489 cum
1536 2456 1698 2492 Glaucus

970 2510 1057 2540 deus
1096 2510 1258 2542 marinus
1294 2510 1373 2543 eius
1411 2519 1536 2544 amore
1570 2514 1698 2554 captus

969 2566 1088 2608 esset,
1117 2573 1139 2597 a
1168 2566 1276 2600 Circe
1305 2565 1343 2598 in
1365 2568 1563 2601 monstrum
1583 2568 1696 2602 mari-

969 2627 1053 2651 num
1074 2621 1212 2653 mutata
1234 2622 1306 2663 est,
1324 2623 1449 2662 atque:

1034 2693 1091 2722 Illa
1128 2693 1202 2722 feris
1232 2697 1329 2742 atram
1360 2694 1484 2724 canibus
1509 2695 1697 2734 succingitur

1363 2740 1475 2774 alvum,

1035 2782 1170 2819 Virginis
1188 2791 1240 2812 ora
1258 2791 1369 2820 gerens
1385 2799 1420 2805 —-

970 2843 1009 2874 ut
1032 2844 1088 2874 est
1109 2844 1198 2875 Met.
1221 2843 1322 2884 XIII,
1336 2841 1412 2874 ⁵731.
1451 2842 1533 2875 vid.
1547 2843 1632 2875 Met.
1645 2843 1695 2886 11,

969 2897 1060 2940 394„
1083 2898 1179 2931 XIV.
1202 2897 1233 2930 1.
1255 2905 1371 2940 seqq„
1393 2898 1480 2943 Vn,
1501 2898 1571 2941 θέλ,
1592 2899 1695 2932 Hom.
