1846 3146
188 128 290 206 '536

191 279 410 323 Dulichium,
427 279 547 314 insula
570 288 653 324 pag.
673 282 727 315 88.
747 299 788 305 —
810 282 926 316 Duli-

236 333 362 375 chius,
395 336 521 369 Ulixes
552 338 605 370 88.
637 337 714 370 343.
738 354 784 363 ·—-
811 338 926 372 Duli-

235 389 334 431 chia,
358 399 450 432 quae
473 393 588 426 Ulixis
610 396 695 427 sunt
717 394 773 426 88.
794 394 871 427 343.

191 446 356 487 duplices
379 447 536 490 formae,
561 451 598 481 et
615 450 782 482 Graecae
798 452 836 482 et
849 452 925 484 La—

235 502 350 544 tinae,
374 503 693 541 Nasouikusitatae
717 505 792 538 128.

192 558 262 590 duo
288 559 451 590 carmina
473 559 511 591 in
533 561 620 593 Mss.
644 561 681 593 in
704 569 811 593 unum
834 569 925 594 cou-

234 614 359 647 iuncta
383 615 460 646 390.

192 667 273 701 dum
296 670 335 701 et
356 677 478 701 comes
500 667 578 701 430.

190 782 228 814 E
250 781 458 823 imperativi
485 783 670 815 secundae
695 782 924 825 coniugatio-

234 838 291 870 uis
314 837 514 879 corripitur
535 839 590 870 29.
603 847 677 870 ·--e
694 839 842 880 antiqua
852 839 925 872 abl.

233 893 355 925 forma
381 893 515 926 tertiae
544 893 797 927 declinationis
819 903 888 936 pro
911 893 926 926 ο·

235 948 312 981 446.

189 1012 210 1035 e
232 1002 396 1044 scopulis
418 1000 495 1034 nati
518 1002 688 1037 dicuntur
705 1005 786 1038 duri
807 1005 924 1039 homi-

232 1066 300 1091 nes
331 1059 406 1091 106.
435 1074 481 1082 ·—
505 1054 559 1091 'ex
582 1068 715 1102 aequo,
748 1069 798 1093 em
820 1061 925 1105 diffi-

233 1113 312 1156 cili,
337 1116 375 1146 et
396 1113 528 1146 similia
550 1115 626 1147 528.

190 1168 354 1201 eburnus
376 1169 507 1201 adiect.
531 1169 606 1202 191.
629 1171 704 1204 364.

189 1221 324 1265 ecquid
345 1222 409 1255 ubi
431 1223 508 1255 254.

188 1279 328 1312 Echion
364 1279 440 1312 474.
480 1295 522 1302 -
563 1279 770 1314 Echioniae
813 1290 926 1314 arces

232 1334 316 1366 ibid.
914 1337 917 1339 “

188 1389 351 1422 edictum
373 1387 569 1430 Principis
592 1389 667 1422 154.

187 1446 316 1479 Edona
338 1446 424 1486 iuga
449 1444 526 1477 344.

187 1500 334 1542 Eetion,
346 1503 454 1541 pater
464 1492 743 1543 Andromachae
756 1502 833 1536 368.
846 1503 921 1536 473.

187 1556 320 1600 efferri
344 1558 381 1589 et
402 1554 506 1597 ferri
527 1557 564 1589 iu
587 1558 717 1591 funere
741 1560 794 1591 73.

186 1620 359 1654 egressus
382 1611 469 1644 Istri
490 1613 565 1645 161.
611 1613 697 1646 Vid.
722 1614 837 1647 Ister.

187 1669 278 1701 eheu
299 1668 462 1710 priorem
486 1668 642 1709 corripit
668 1669 743 1702 485.

186 1722 327 1755 eiectus
351 1724 397 1755 de
420 1724 546 1756 exsule
569 1724 645 1756 161.

186 1778 267 1811 eius
288 1780 384 1820 apud
407 1778 539 1820 poetas
562 1780 638 1812 265.

186 1829 353 1876 ἐκφέρειν
374 1835 412 1866 in
434 1835 565 1866 funere
588 1836 642 1867 73.

186 1891 339 1924 Electra
362 1890 438 1921 192.
480 1889 585 1923 Conf.
611 1889 774 1923 Orestes.

186 1940 287 1978 ἔλεον
311 1939 403 1985 ἔχειν
427 1943 502 1975 113.

186 1999 399 2041 Elephantis
421 1999 500 2030 200.

186 2056 402 2097 elephantus
425 2053 503 2085 392.

188 2110 360 2142 elisiones
393 2107 532 2141 uostris
567 2108 715 2141 auribus
751 2111 864 2143 durae
898 2120 921 2143 a

230 2164 418 2197 veteribus
441 2171 514 2196 uon
539 2162 678 2196 vitatae
701 2164 775 2197 164.

187 2219 375 2262 eloquium
398 2219 473 2251 115.

187 2278 352 2318 Elpenor
375 2276 453 2307 263.

187 2331 354 2365 Emathia
377 2331 453 2363 275.
476 2347 521 2354 ——
544 2330 745 2364 Emathias
760 2331 853 2372 dux,
867 2333 921 2364 A-

230 2387 410 2419 lexander
433 2387 517 2419 ibid.

187 2443 465 2476 emutare-scere
487 2442 563 2474 153.

187 2506 356 2531 emerere
378 2497 455 2529 408.
487 2514 528 2519 -
560 2496 710 2530 emeriti
731 2497 822 2531 anni
845 2499 920 2532 404.

186 2554 402 2595 Endymion.
447 2553 533 2585 Vid.
554 2552 677 2585 Luna.

185 2610 322 2643 Ennius
345 2609 421 2641 201.
445 2608 522 2640 284.
546 2608 622 2640 301.

186 2665 291 2698 Eous
314 2665 367 2698 44.

186 2719 387 2760 epistolam
408 2721 558 2752 solvere
580 2719 656 2752 444.
677 2735 719 2740 -
742 2718 919 2759 epistola-

229 2785 310 2808 rum
342 2777 627 2808 claudendarum
657 2774 754 2807 ratio
779 2773 854 2805 398.
881 2790 921 2796 -

231 2831 467 2872 epistolarum
492 2829 679 2864 exordium
705 2829 779 2861 482.

838 160 1079 210 INDEX.

992 283 1179 326 epizeuxis
1200 291 1284 326 pag.
1306 284 1382 318 272.

992 339 1076 380 equi
1102 339 1140 372 in
1167 339 1262 372 ludis
1290 340 1432 383 olymp.
1455 341 1623 374 coronati
1644 342 1719 376 427.

1037 409 1081 418 —-
1102 395 1139 426 in
1162 395 1341 436 triumpho
1353 396 1634 429 Rom.·corouati
1644 397 1720 430 160.

993 451 1131 491 equites
1144 458 1236 492 equo
1251 450 1396 491 publico
1409 451 1636 485 donabantur
1646 453 1720 485 148.

991 495 1133 546 equ'ites
1161 504 1351 538 laticlavii
1384 507 1423 539 et
1456 506 1722 548 anqusticlam'i

1043 559 1120 592 417.
1507 558 1513 564 ’
1596 562 1600 564 “

992 616 1152 648 eradere
1175 615 1252 649 409.

991 678 1082 713 erqo
1104 671 1180 704 406.
1202 671 1279 704 244.
1300 671 1376 704 251.
1398 671 1475 703 356.
1493 686 1533 693 --
1546 678 1637 714 erqo
1653 681 1722 714 po-

1033 727 1227 760 steriorem
1249 728 1404 770 corripit
1425 728 1479 760 37.

990 782 1246 816 Erichthonius
1270 783 1345 816 178.

991 844 1130 869 errare
1152 839 1190 870 et
1211 839 1396 877 oberrare
1413 838 1490 871 269.
1532 863 1537 873 »,

989 892 1237 934 Erymanthus
1260 895 1314 928 76.
1332 911 1377 918 —-
1395 891 1629 935 Erymanthis
1650 893 1723 925 Ur-

1034 957 1092 991 sa,
1114 949 1213 982 sidus
1234 950 1289 983 76.
1313 949 1389 983 131.
1410 949 1488 982 268.
1511 947 1588 980 454.
1639 947 1721 980 Vid.

1035 1002 1190 1036 Arctus.
1287 1043 1289 1045 ,
1370 1018 1374 1022 ·

993 1057 1178 1099 Erinnyes
1201 1057 1278 1091 384.

993 1113 1051 1145 est
1071 1114 1249 1146 omittitur
1272 1113 1357 1149 384..
1373 1109 1414 1137 4
1430 1113 1487 1146 est
1504 1111 1652 1156 aliquid
1667 1113 1720 1146 51.

1036 1184 1081 1191 —-
1102 1169 1179 1201 este
1201 1167 1386 1202 admoniti
1407 1168 1492 1201 408.
1515 1185 1560 1192 —
1590 1168 1657 1208 eet,
1678 1168 1723 1200 ut

1036 1223 1112 1257 402.
1143 1240 1185 1247 -
1216 1225 1274 1256 est
1301 1222 1422 1265 sitque
1451 1224 1610 1257 formula
1646 1224 1720 1256 119.

1034 1286 1171 1311 —esse
1194 1287 1274 1311 cum
1295 1279 1472 1312 adverbio
1491 1279 1567 1312 514.
1589 1279 1721 1311 402.-

1034 1332 1107 1365 εἰηι
1129 1334 1308 1367 omittitur
1329 1334 1406 1367 251.
1419 1333 1530 1366 ——st't
1549 1333 1616 1367 tibi
1638 1334 1721 1366 ter-

1032 1395 1084 1419 ra
1105 1387 1216 1432 levis,
1244 1390 1398 1431 sepultis
1426 1390 1519 1422 bene
1547 1389 1720 1431 precandi

1032 1444 1192 1476 formula
1214 1445 1291 1476 259.
1313 1444 1391 1477 459.

990 1498 1029 1531 et
1062 1500 1254 1541 eleganter
1284 1499 1479 1540 repetitum
1508 1499 1583 1533 368.
1610 1516 1656 1523 —-
1683 1501 1723 1533 et

1033 1561 1103 1595 pro
1129 1562 1212 1586 nam
1235 1554 1312 1586 395.
1337 1571 1380 1577 -
1402 1555 1440 1587 et
1461 1556 1545 1596 post
1560 1555 1720 1596 impera-

1034 1610 1146 1642 tivum
1168 1610 1244 1642 375.
1267 1626 1311 1633 -—·
1335 1611 1498 1651 et-que
1519 1610 1596 1642 290.
1620 1627 1663 1633 -
1685 1610 1723 1642 et

1031 1665 1194 1697 secundo
1227 1666 1265 1697 et
1299 1665 1409 1698 tertio
1443 1665 1529 1697 loco
1564 1664 1721 1705 positum

1032 1720 1110 1753 280.
1132 1720 1209 1752 290.
1233 1719 1308 1752 469.
1332 1719 1375 1743 ·”-
1396 1719 1593 1761 singularis
1617 1719 1720 1752 huius

1033 1775 1392 1818 particulae'positio
1422 1775 1498 1808 483.
1526 1790 1573 1797 —-
1594 1774 1633 1807 et
1651 1783 1719 1815 pro

1032 1834 1071 1864 et
1094 1834 1215 1863 tamen
1239 1828 1315 1862 489.
1339 1847 1380 1853 -
1403 1830 1442 1862 et
1455 1830 1597 1871 nullus,
1610 1829 1648 1861 et
1658 1828 1720 1861 ni-

1032 1887 1087 1920 hil
1109 1887 1186 1919 515.
1208 1886 1285 1918 525.

989 1942 1160 1976 Eteocles
1183 1943 1221 1974 et
1242 1939 1439 1982 Polynices
1456 1939 1531 1972 183.
1552 1938 1628 1971 195.
1643 1938 1718 1971 472.

990 1995 1181 2029 Euboicae
1202 2003 1323 2038 aquae
1341 1995 1395 2027 36.
1413 1994 1489 2026 487.
1535 1994 1618 2027 vid.
1641 1993 1718 2028 Ca-

1030 2053 1208 2094 phareas.

989 2109 1141 2148 Eubius,
1165 2105 1275 2147 poeta
1300 2104 1374 2136 199.

988 2163 1181 2202 Eumedes,
1203 2159 1382 2193 Troianus
1405 2160 1482 2193 265.

988 2219 1107 2251 Eurus
1133 2216 1188 2250 48.

987 2271 1144 2313 Euryali
1177 2273 1215 2305 et
1248 2272 1327 2305 Nisi
1359 2271 1518 2306 amicitia
1549 2273 1603 2305 83.
1641 2274 1716 2306 113.

1032 2329 1109 2361 464.

989 2384 1166 2426 Euxinus,
1187 2392 1261 2417 non
1285 2382 1407 2415 addito
1429 2384 1547 2416 Ponto
1577 2383 1652 2416 163.
1679 2402 1716 2406 -

1033 2439 1210 2472 Euxinus
1232 2440 1315 2480 quid
1337 2439 1614 2481 significet332.
1638 2444 1645 2450 ”

988 2497 1138 2530 Evadne
1161 2495 1237 2527 457.
1261 2495 1337 2527 527.
1362 2510 1404 2517 -
1426 2494 1560 2536 Iphias
1581 2496 1657 2528 527.

988 2551 1160 2584 evincere
1181 2552 1307 2583 locum
1330 2550 1406 2583 125.

989 2605 1172 2648 evigilare
1194 2604 1333 2638 librum
1357 2606 1410 2638 40.

989 2663 1161 2694 evolvere
1183 2659 1323 2693 librum
1346 2660 1419 2693 181.

991 2717 1218 2749 eaeaestuare
1240 2715 1316 2748 442.

990 2771 1134 2804 eoecidit
1152 2770 1342 2813 ingenium
1363 2770 1416 2802 32.

990 2834 1194 2860 eoescreare
1216 2827 1305 2859 ante
1324 2825 1432 2867 fores
1453 2825 1529 2858 210.
1552 2823 1627 2856 211.
