1846 3146
238 151 306 201 14
484 171 486 174 ·
730 149 1279 204 PROLEGOMENA.

231 271 466 314 rationibus
495 270 741 329 cumulavit,
771 287 826 316 ac
853 287 986 329 prope
1015 274 1205 330 dixerim,
1229 276 1439 331 oneravit,
1463 288 1546 331 quo
1567 276 1765 318 luminum

230 346 395 387 illorum
422 346 491 386 vis
522 351 651 400 atque
680 346 880 388 efficacia
907 359 992 387 non
1018 359 1167 399 parum
1203 346 1442 389 debilitatur
1454 377 1470 404 ,
1515 349 1763 403 animusque

231 418 419 474 legentis
449 430 476 458 a
504 430 667 458 summa
698 419 913 473 carminis,
946 423 991 458 et
1020 419 1075 460 ab
1103 419 1199 472 ipsa
1226 418 1290 474 re,
1321 432 1431 474 quae
1462 419 1547 461 illis
1574 420 1764 461 illustra-

232 496 300 532 tur
328 496 372 530 et
401 495 587 544 ornatur,
619 489 675 530 ad
703 490 895 544 singulas
925 490 1017 531 eius
1045 497 1191 544 partes
1220 497 1294 532 aut
1314 490 1570 532 secundaria
1591 492 1762 532 abstra-

230 562 355 604 hitur.
412 562 568 615 Neque
597 561 651 602 ab
682 562 776 602 aliis
804 562 1017 602 rhetorum
1035 563 1281 618 pigmentis,
1313 563 1366 604 ab
1395 563 1510 603 inani
1537 563 1763 604 verborum

230 633 507 688 repetitione,
550 633 857 674 sententiarum
894 639 938 674 et
973 635 1279 676 versiculorum
1316 635 1686 690 concinnitatibus,
1718 639 1763 675 et

232 718 343 760 quae
366 710 466 746 sunt
484 705 608 746 huius
636 705 808 759 generis
838 705 936 760 alia,
968 707 1076 747 satis
1101 707 1325 761 diligenter
1346 707 1611 760 temperavit.
1667 707 1762 747 De-

229 777 356 831 nique
385 778 428 817 in
459 777 668 817 nonnullis
698 789 863 831 quoque
893 779 1146 819 carminibus
1175 771 1344 819 nimium
1375 775 1558 820 affectus
1576 778 1762 820 studium

229 854 425 904 notatur,
465 858 707 904 sensusque
746 861 830 889 non
868 850 960 889 veri
997 862 1050 890 ac
1083 850 1238 891 sinceri
1265 851 1475 904 plenoque
1503 849 1556 890 de
1585 855 1760 903 pectore

230 921 493 975 profluentes
522 921 602 962 sed
631 920 686 961 ad
715 921 993 974 impellendos
1024 922 1440 976 commovendosque
1457 922 1688 976 legentium
1708 934 1762 962 a-

228 994 368 1034 nimos
398 993 597 1034 arcessiti
626 1005 728 1034 esse
757 993 967 1037 videntur.
1026 993 1199 1035 Caussa
1214 1007 1319 1035 vero
1338 995 1486 1035 horum
1501 994 1761 1049 elegantium

227 1066 426 1106 vitiorum
463 1065 698 1118 repetenda
734 1065 887 1118 partim
920 1065 1091 1106 videtur
1126 1080 1151 1106 e
1184 1069 1341 1121 poetae
1380 1066 1572 1108 doctrina
1599 1065 1761 1119 puerili.

230 1136 417 1179 Constat
446 1137 557 1177 enim
587 1135 801 1192 Ovidium,
833 1136 888 1178 ad
917 1149 1106 1179 summos
1135 1139 1177 1179 in
1207 1139 1387 1190 civitate!
1410 1124 1594 1178 honores
1621 1149 1648 1178 a
1675 1150 1762 1191 pa-

226 1215 292 1250 tre
332 1209 615 1264 destinatum,
660 1209 703 1249 in
740 1210 874 1262 prima
911 1210 1090 1263 pueritia
1127 1212 1169 1251 in
1201 1211 1360 1252 Urbem
1387 1210 1580 1264 missum,
1612 1214 1657 1249 et
1683 1221 1761 1262 pro

224 1294 344 1322 more
373 1281 535 1321 illorum
564 1287 800 1335 temporum
829 1281 987 1323 scholis
1027 1287 1070 1322 et
1099 1283 1257 1323 artibus
1286 1283 1499 1323 rhetorum
1528 1293 1630 1322 esse
1659 1293 1761 1320 eru-

227 1352 375 1407 ditum,
406 1352 812 1407 adolescentemque
840 1365 998 1408 magno
1029 1366 1124 1395 cum
1153 1354 1293 1396 studio
1322 1367 1405 1395 nec
1433 1354 1526 1394 sine
1548 1364 1761 1393 successu

226 1425 513 1466 declamasse.
572 1425 728 1466 Senec.
758 1424 962 1466 Controv.
991 1426 1043 1468 ΙΙ.
1073 1427 1112 1467 2.
1169 1428 1295 1468 Trist.
1323 1426 1402 1480 IV,
1431 1425 1496 1466 10.
1538 1425 1652 1468 *Huc
1679 1435 1760 1465 ac-

224 1497 356 1552 cedit,
386 1497 513 1553 quod,
545 1498 655 1538 utin
682 1497 854 1550 reliquis
884 1496 1114 1537 carminum
1141 1497 1371 1551 generibus
1400 1497 1615 1550 plerisque
1648 1499 1758 1550 poe-

225 1568 297 1610 tae
336 1568 520 1610 Romani
557 1570 682 1610 huius
718 1569 874 1610 aetatis
911 1568 1292 1611 Alexandrinorum
1329 1553 1464 1609 artem
1491 1568 1759 1622 potissimum

225 1647 327 1682 sunt
355 1642 510 1696 secuti,
541 1641 606 1682 sic
636 1654 803 1695 quoque
832 1642 1049 1696 elegorum
1078 1641 1325 1696 scriptores,
1351 1640 1553 1694 imprimis
1572 1641 1759 1694 Proper-

224 1713 332 1768 tius,
377 1713 570 1754 Nasonis
606 1714 648 1753 in
686 1713 827 1767 elegia
860 1714 1078 1766 proximus
1117 1719 1370 1754 antecessor
1398 1717 1451 1766 ¹et
1485 1711 1660 1766 sodalis,
1701 1711 1758 1752 ad

226 1785 468 1837 exemplum
498 1797 552 1824 ac
580 1784 892 1825 similitudinem
905 1784 1284 1826 Alexandrinorum
1297 1782 1408 1839 {sese
1428 1783 1756 1837 conformarant,

224 1856 410 1896 maxime
442 1855 717 1910 Callimachi,
758 1858 879 1898 cuius
919 1857 1156 1912 quaesitam
1186 1856 1445 1911 elegantiam
1472 1855 1556 1909 ipsi
1581 1860 1758 1895 veteres

223 1933 444 1968 notarunt:
475 1933 522 1968 ut
550 1927 730 1969 Ovidius
761 1942 856 1969 eam
884 1930 1090 1969 rationem
1119 1934 1163 1969 et
1191 1929 1424 1969 orationem
1445 1927 1567 1985 quasi
1591 1927 1759 1981 elegiae

223 2001 437 2054 propriam
485 2012 651 2054 usuque
695 2001 917 2053 probatam
962 2000 1074 2053 apud
1122 2000 1348 2052 populares
1385 2011 1494 2039 suos
1535 1999 1755 2052 reperiret.

224 2072 421 2126 Denique
472 2073 585 2113 illam
630 2077 818 2112 aetatem
854 2085 881 2113 a
919 2073 1112 2113 mascula
1149 2072 1219 2111 illa
1269 2083 1323 2111 ac
1358 2071 1527 2111 sincera
1565 2082 1756 2124 vereque

223 2143 421 2185 Romana
457 2150 549 2184 arte
586 2143 642 2184 ad
681 2144 918 2198 quaesitam
957 2143 1215 2202 elegantiam
1251 2148 1296 2182 et
1338 2141 1506 2182 inanem
1540 2141 1756 2182 rhetorum

224 2216 497 2269 splendorem
533 2216 720 2255 nonnihil
755 2217 839 2256 iam
876 2217 1109 2257 inclinasse
1155 2219 1338 2255 constat.
1406 2215 1554 2267 Itaque
1598 2216 1754 2266 poetae

224 2293 389 2328 tantum
419 2288 566 2342 abest,
604 2293 652 2328 ut
686 2293 805 2328 recto
841 2288 995 2329 iudicio
1025 2286 1180 2328 aetatis
1210 2298 1316 2326 suae
1346 2298 1374 2325 a
1399 2297 1534 2338 pravo
1561 2285 1632 2324 illo
1661 2285 1754 2325 ele-

223 2361 399 2414 gantiae
429 2359 570 2400 studio
599 2365 903 2400 revocarentur
932 2365 1060 2413 atque
1090 2358 1398 2411 cohiberentur,
1428 2362 1476 2397 ut
1503 2357 1545 2397 in
1575 2369 1627 2398 eo
1647 2368 1754 2397 con-

224 2431 506 2485 firmarentur,
538 2437 666 2486 atque
696 2432 734 2471 si
763 2431 803 2471 ei
838 2430 1127 2485 indulgerent,
1163 2442 1265 2470 sese
1301 2416 1532 2482 placituros
1574 2434 1753 2482 possent

225 2503 454 2544 confidere.

335 2574 523 2616 Restant
551 2574 650 2630 duo,
689 2587 799 2630 quae
833 2575 914 2615 viri
943 2573 1057 2615 docti
1085 2574 1127 2614 in
1154 2574 1221 2614 his
1251 2573 1504 2614 carminibus
1531 2558 1752 2625 vitupera-

223 2652 334 2702 runt,
367 2660 541 2701 quorum
570 2648 747 2701 primum
776 2652 860 2702 est,
892 2646 1004 2701 quod
1033 2646 1270 2700 argumenti
1299 2644 1567 2686 similitudine
1595 2656 1753 2697 perpe-

219 2724 382 2772 tuaque
412 2719 642 2760 earundem
672 2720 935 2773 querelarum
963 2718 1214 2772 repetitione
1243 2711 1474 2770 legentium
1490 2715 1653 2756 animos
1682 2714 1785 2755 fa-⁶‘

225 2791 384 2844 tigent,
424 2792 622 2845 alterum,
665 2790 775 2844 quod
812 2791 1027 2830 nobilitate
1065 2801 1288 2830 sensorum
1324 2800 1513 2842 veroque
1548 2787 1640 2841 illo,
1682 2787 1750 2840 qui

227 2864 447 2915 poetarum
479 2875 580 2904 esse
610 2862 761 2917 debet,
800 2862 926 2903 animi
962 2862 1121 2915 impetu
1143 2866 1278 2914 ‘atque
1308 2860 1478 2900 fervore
1507 2871 1655 2901 carere
1682 2858 1752 2897 vi-
