1846 3146
214 188 314 238 2⁷4

457 187 513 236 Ρ.
552 187 775 238 OVIDII
809 180 1128 238 NASONIS
1163 185 1508 239 TRISTIUM

215 308 275 359 Si
307 313 466 359 tamen
499 311 703 370 interea,
741 308 858 374 quid
891 311 941 358 in
974 308 1051 358 his
1085 324 1181 374 ego
1215 309 1438 376 perditus
1471 312 1589 382 oriS,

284 391 428 451 Quod
461 397 512 440 te
549 392 788 441 credibile
822 396 899 441 est
933 407 1184 457 quaerere,
1221 395 1431 458 quaeriS,
1468 409 1632 458 agam:

215 473 321 541 Spe
355 474 521 523 trahor
556 476 753 539 exigua,
788 483 928 540 'quam
962 480 1016 523 tu
1048 475 1163 523 mihi
1198 475 1395 525 demere
1429 477 1548 539 noli,

1676 478 1743 527 25

280 556 467 605 Tristia
501 557 646 605 leniri
680 559 872 606 numina
905 573 1054 624 posse
1091 557 1185 606 dei.

214 638 320 690 Seu
354 645 535 689 temere
568 645 822 707 exspecto,
857 642 968 690 sive
1000 639 1054 688 id
1089 642 1377 706 contingere
1411 642 1489 691 fas
1522 647 1627 705 est3

278 723 360 771 Tu
391 722 520 782 mihi,
558 722 689 787 quod
724 726 883 789 cupio,
916 723 1010 782 faS,
1044 738 1239 789 precor,
1276 739 1389 774 esse
1427 725 1599 792 proba,

214 805 447 870 Quaeque
480 805 569 855 tibi
603 810 680 854 est
712 805 913 870 linguae
946 805 1193 869 facundia,
1230 808 1405 858 confer
1436 810 1488 858 in
1521 807 1666 871 illud,

277 888 348 937 Ut
383 887 566 936 doceas
599 893 767 937 votum
799 903 950 954 posse
984 889 1158 938 valere
1191 905 1360 939 meum.

1674 891 1743 942 30

213 969 322 1031 Quo
358 961 563 1036 quisque
597 975 674 1020 est
707 973 874 1032 maior,
909 974 1064 1036 magis
1098 976 1181 1022 est.
1208 972 1470 1039 placabilis
1500 974 1623 1037 irae,

276 1053 345 1102 Et
377 1053 556 1104 faciles
588 1058 746 1103 motus
779 1070 914 1103 mens
949 1070 1194 1119 generosa
1229 1058 1373 1122 capit.

213 1134 440 1203 Corpora
471 1140 774 1202 magnanimo
809 1139 929 1186 satis
963 1142 1039 1187 est
1071 1142 1350 1205 prostrasse
1384 1137 1547 1200 leoni3

276 1219 453 1284 Pugna
485 1236 622 1268 suum
656 1220 813 1281 finem,
849 1235 956 1269 cum
988 1223 1119 1271 iacet
1149 1220 1324 1282 hostis,
1358 1210 1530 1272 habet:

253 1369 308 1402 23.
343 1368 536 1402 Perditus.
581 1369 664 1403 Vid.
685 1372 717 1412 Ι,
741 1372 777 1413 5,
800 1370 855 1403 24.
886 1371 943 1404 De

208 1423 398 1457 structura
423 1425 621 1458 verborum
649 1425 721 1458 vid.
752 1429 785 1469 I,
814 1426 850 1470 1,
887 1427 942 1461 18.

209 1479 312 1511 Leid.
333 1479 524 1519 proditus.
580 1482 639 1512 Pr.
677 1482 732 1512 ed.
765 1481 803 1512 et
835 1482 943 1514 Serv.

209 1533 386 1574 perditus
407 1533 498 1575 ipse.
543 1535 590 1568 V.
612 1536 667 1568 25.
691 1538 786 1568 Mor.
809 1534 920 1567 nolis.

253 1624 308 1657 26.
342 1622 425 1656 Dei.
477 1621 549 1655 Dei
582 1625 637 1656 est
658 1622 829 1665 Auyusti.
886 1624 944 1656 Ad

209 1677 341 1711 tristia
364 1679 460 1711 cons.
485 1680 534 1721 11,
558 1679 633 1711 133.
655 1696 700 1703 —
721 1681 798 1712 Pol.
813 1680 845 1712 2.
870 1680 943 1712 du-

209 1733 256 1766 ci.
303 1734 415 1776 Gall„
439 1734 599 1776 Pirckh.,
622 1737 717 1768 Mor.
742 1743 810 1776 pro
822 1743 942 1767 v.scr.

209 1792 247 1823 et
267 1793 306 1822 II
327 1790 391 1823 alii
413 1790 533 1823 Heius.
549 1788 705 1821 molliri.
753 1791 849 1824 Gall.
871 1798 942 1822 no-

207 1853 322 1876 mma.
353 1867 355 1872 ,

251 1921 307 1953 27.
341 1920 431 1953 Sive
463 1920 504 1953 ia
532 1922 635 1954 mulli
665 1924 838 1965 veteres,
883 1923 942 1955 in-

210 1977 269 2008 ter
292 1985 383 2017 quos
405 1977 481 2009 Pal.
496 1976 542 2019 1.‚
558 1978 694 2018 Guelf„
705 1978 798 2019 Puta,
809 1979 941 2011 Franc.

208 2031 352 2072 Reliqui
391 2040 471 2064 cum
507 2033 596 2064 vett.
632 2033 711 2063 edd.
746 2030 824 2063 sive
856 2032 940 2065 hoc.

209 2086 315 2119 Serv.
339 2094 404 2118 seu
428 2087 563 2119 tamen.
608 2086 655 2119 V.
679 2087 737 2119 28.
758 2088 940 2130 Barb.fa-

208 2149 263 2173 ve.
307 2142 397 2175 Exc.
419 2142 528 2175 Voss.
550 2141 724 2182 probum.

252 2220 307 2252 29.
345 2218 426 2251 Tibi
441 2219 499 2251 est
512 2219 663 2261 linquae
672 2218 940 2252 revocavimus.

209 2275 379 2308 Heinsius
428 2282 475 2306 ex
516 2283 589 2308 uno
623 2276 770 2308 Medon.
805 2275 941 2315 primus

209 2329 308 2362 dedit
331 2327 398 2360 tibi
427 2328 579 2371 linquae
608 2330 675 2362 est.
732 2330 840 2364 Crev.
864 2328 941 2361 lin-

206 2392 304 2426 yuae
325 2385 406 2417 stat
424 2384 620 2428 facundia.
666 2386 784 2428 Leid.,
807 2386 861 2419 IV
878 2387 942 2420 alii

209 2441 330 2473 Heius.
354 2443 392 2474 et
414 2442 543 2475 Dresd.
567 2442 623 2474 est
645 2442 824 2474 omittunt.

253 2518 308 2550 30.
331 2517 450 2551 Posse
460 2519 603 2552 valere.
627 2518 730 2564 *Vid.
742 2520 788 2551 ad
802 2520 852 2562 11,
862 2519 940 2553 204.

209 2574 287 2606 Put.
310 2574 455 2607 doceat.

252 2650 307 2683 31.
344 2650 423 2690 Quo
445 2650 600 2694 quisque
622 2652 681 2685 est
695 2651 831 2684 maior.
854 2654 941 2686 Vat.

210 2701 258 2749 1.,
280 2706 382 2740 Leid.
404 2709 443 2740 et
465 2710 502 2740 II
523 2709 587 2741 alii
609 2710 732 2742 Heius,
763 2716 835 2750 quo
857 2708 943 2751 quis

210 2760 319 2803 enim,
341 2761 409 2794 nisi
431 2765 525 2804 quod
547 2764 648 2796 Leid.
665 2771 737 2806 quo
749 2762 832 2806 quis
844 2762 943 2796 enim

211 2818 277 2850 est.
336 2819 441 2851 Serv.
471 2825 545 2859 quo
581 2818 777 2861 quisquam
806 2818 941 2851 maior.

211 2873 355 2915 Reliqui
386 2875 490 2907 codd.
521 2881 646 2907 omnes
675 2876 714 2909 et
742 2876 831 2908 vett.
862 2875 940 2907 edd.

1010 1379 1082 1413 quo
1105 1369 1260 1413 quisque
1282 1371 1339 1403 est
1359 1369 1504 1412 maior,
1537 1372 1632 1413 quod
1660 1379 1742 1406 cum

1009 1427 1159 1460 Heinsio
1187 1428 1224 1459 in
1257 1435 1330 1469 quo
1364 1426 1449 1468 quis
1483 1426 1581 1460 enim
1615 1427 1742 1460 maior

1009 1482 1170 1515 mutandi
1193 1489 1346 1514 caussae
1364 1482 1452 1514 nihil
1470 1483 1590 1516 video.
1619 1483 1740 1516 Parti-

1010 1539 1128 1570 culam
1148 1538 1350 1569 caussalem
1367 1544 1414 1568 ne
1430 1537 1630 1580 desideres,
1643 1539 1743 1571 conf.

1009 1595 1060 1635 11,
1088 1584 1164 1625 2'57.
1194 1592 1270 1624 327.
1325 1591 1431 1624 vinc.
1463 1592 1604 1625 Bellov.
1634 1594 1741 1634 Spec.

1010 1649 1091 1681 hist.
1120 1649 1202 1682 VII.
1234 1647 1309 1680 119.
1341 1648 1379 1679 et
1409 1647 1516 1687 spec.
1547 1647 1664 1679 doctr.
1693 1647 1740 1680 V.

1010 1704 1063 1736 68.
1088 1703 1230 1744 quanto
1254 1701 1337 1744 quis
1358 1701 1493 1734 maior.
1540 1701 1640 1733 Gott.
1662 1700 1740 1733 ira.

1010 1757 1176 1790 Heinsius
1206 1757 1326 1800 mayis
1346 1755 1553 1798 placabilis
1575 1755 1660 1788 irae
1682 1756 1741 1789 in-

1010 1813 1144 1854 telligit
1156 1811 1424 1854 placabilioris
1441 1810 1537 1844 irae.
1558 1812 1639 1853 Ego
1648 1812 1747 1852 pla--

1010 1867 1143 1900 cabilis
1164 1868 1424 1900 nominativum
1447 1875 1528 1900 esse
1541 1858 1691 1909 censeo,
1705 1865 1742 1898 i-

1008 1933 1079 1956 rae
1100 1926 1221 1956 autem
1243 1923 1457 1964 genitivum,
1471 1922 1587 1963 qualis
1601 1925 1658 1954 est
1678 1920 1740 1953 in-

1011 1979 1115 2020 teyer
1147 1977 1242 2020 aevi,
1272 1977 1411 2010 anxius
1438 1976 1552 2020 furti,
1569 1976 1740 2008 metuen-

1007 2034 1079 2067 dus
1102 2033 1202 2075 belli,
1226 2036 1263 2066 et
1285 2033 1425 2066 similia.
1453 2046 1499 2055 ·—-
1523 2031 1597 2064 Cic.
1621 2030 1690 2064 Off.
1710 2033 1740 2064 1.

1007 2097 1038 2120 c.
1060 2089 1115 2120 25.
1160 2088 1268 2120 Nihil
1289 2085 1533 2128 laudabilius,
1549 2085 1741 2118 nihilma-

1003 2151 1079 2184 qno
1104 2143 1142 2174 et
1159 2144 1371 2183 praeclaro
1385 2141 1470 2174 viro
1486 2139 1634 2182 diynius
1647 2141 1740 2181 pla-

1007 2197 1201 2230 cabilitate
1223 2198 1336 2239 atque
1358 2195 1570 2229 clementia.
1595 2213 1640 2220 —-
1660 2199 1739 2230 Put.

1006 2253 1128 2295 magis
1148 2252 1416 2294 implacabilis.

1051 2318 1179 2361 Magis
1206 2329 1276 2362 pro
1312 2328 1354 2352 eo
1383 2318 1503 2363 maqis
1528 2323 1625 2355 conf.
1650 2323 1738 2356 Met.

1008 2377 1073 2418 XI,
1096 2375 1172 2409 438.
1195 2377 1232 2408 et
1254 2376 1302 2418 X,
1325 2376 1402 2410 460.

1053 2453 1107 2485 32.
1142 2452 1245 2485 Grai.
1269 2452 1410 2495 cyneg.
1432 2463 1469 2486 v.
1490 2454 1567 2487 2⁷5.

1071 2541 1107 2547 —
1130 2541 1165 2547 -·
1185 2542 1221 2548 --
1245 2540 1279 2547 —-
1301 2527 1413 2557 validis
1430 2530 1492 2555 tum
1511 2529 1616 2564 surgat
1631 2529 1738 2562 pectus

1402 2571 1441 2599 ab
1459 2572 1562 2606 armis,

1071 2613 1158 2648 Quod
1174 2620 1299 2650 magnos
1316 2615 1418 2651 capiat
1434 2617 1542 2649 motus,
1560 2616 1739 2655 magnisque

1402 2658 1544 2695 supersit.

1008 2728 1110 2761 Leid.
1131 2729 1198 2762 sed
1216 2727 1364 2771 faciles.
1409 2729 1509 2762 Gom.
1531 2727 1715 2762 animosa.

1053 2819 1106 2851 33.
1140 2817 1269 2850 Leoni.
1320 2817 1410 2850 Plin.
1441 2817 1485 2848 Η.
1508 2817 1552 2849 Ν.
1582 2818 1682 2850 VIII.
1704 2825 1736 2849 c.

1009 2874 1062 2907 16.
1119 2873 1197 2906 Leo
1227 2882 1326 2916 eum,
1355 2871 1418 2914 qm·
1448 2872 1564 2905 telum
1585 2870 1739 2913 quidam
