1846 3146
109 186 210 236 324

348 185 405 235 Ρ.
441 183 663 236 ovmll
697 181 1012 236 NASONIS
1047 180 1389 234 TRISTIUM
1426 204 1434 215 .

111 308 274 359 Lusus
308 308 425 373 equi'
453 322 580 356 nuno
615 310 705 367 est,
740 305 936 355 levibus
970 320 1097 354 nuno
1129 303 1314 354 luditur
1347 303 1517 365 armis;

179 392 326 441 Nunc
359 390 477 457 pila,
512 391 640 438 nimo
675 388 830 439 celeri
862 389 1070 437 vertitur
1105 386 1224 436 orbe
1257 385 1480 447 trochus;

1569 383 1636 433 20

114 475 262 524 Nunc
295 475 378 523 ubi
410 473 610 539 perfusa
644 477 720 521 est
754 472 867 521 oleo
899 471 1095 520 labente
1129 472 1374 530 iuventus,

179 557 423 607 Defessos
458 550 590 605 artus
625 556 834 620 Virgine
867 556 1011 619 tingit
1044 568 1182 619 aqua.

230 705 272 733 Et
299 704 366 734 fora
398 704 495 733 Marte
530 711 585 733 suo
619 703 756 739 litigiosa
788 710 844 731 va-

509 750 588 777 cent.

118 820 224 856 conf.
245 821 350 853 Pont.
372 818 441 860 IV,
464 819 499 860 6,
523 818 577 850 29.

162 887 239 919 Pal.
264 885 295 918 1.
318 888 355 918 et
377 887 426 928 2.,
449 888 604 927 Bersm.,
635 893 714 918 exc.
738 885 846 918 Voss.

118 944 214 984 Put.,
225 943 373 984 Franc„
384 943 471 974 XVI
486 941 548 973 alii
558 941 696 983 Heius„
713 941 847 983 Guelf.,

119 1006 144 1031 a
165 999 197 1030 2.
221 1007 289 1040 m.,
317 998 453 1038 BeroL,
483 997 562 1029 Bel.
595 998 633 1028 et
655 997 783 1028 Dresd.
808 1004 848 1027 e-

120 1054 224 1087 dunt.
270 1052 378 1086 Grev.
403 1052 566 1097 etstant.
611 1053 686 1084 Pal.
702 1052 732 1084 1.
754 1054 791 1084 et
814 1053 850 1083 11

120 1110 184 1143 alii
206 1109 328 1141 Heius.
350 1106 673 1148 imbroso—foro.
722 1107 799 1138 Pol.
819 1106 851 1138 1.

120 1167 158 1198 et
180 1166 227 1207 2.,
249 1165 324 1198 Pal.
347 1164 395 1206 2.,
417 1164 566 1203 Bersm.,
590 1163 641 1194 IX
658 1161 720 1194 alii
730 1162 851 1194 Heius.

122 1222 160 1255 et
181 1222 287 1254 Bern.
310 1217 625 1260 verboso—foro.

166 1308 220 1341 19.
248 1307 371 1340 Lusus
391 1305 484 1348 equi.
522 1300 747 1348 ΔΡΙιιι·ἰιιιὶ(’ἑ)
757 1303 852 1337 scri-

122 1364 176 1406 pti
197 1363 336 1406 Heius„
357 1364 452 1395 teste
471 1362 671 1404 Merkelio,
685 1362 789 1393 lusus
812 1369 853 1392 e-

123 1426 208 1461 quo.
253 1418 377 1451 Lusus
400 1418 502 1461 equis
516 1420 606 1451 vett.
621 1419 700 1450 edd.
716 1419 754 1450 et
767 1418 853 1449 Vae.

123 1475 157 1508 1.
179 1492 223 1498 —
245 1476 347 1517 Put.,
391 1476 544 1516 Franc.,
590 1475 684 1516 Iun.,
729 1475 764 1505 ΙΙ
793 1472 857 1505 alii

125 1531 273 1573 Heius„
304 1531 388 1571 seg.
419 1531 456 1562 et
486 1531 591 1561 Rern.
622 1529 732 1561 ludus
761 1527 855 1569 equi.

124 1589 239 1629 Rota,
263 1588 383 1628 Serv„
407 1585 499 1616 alius
523 1585 661 1627 Heius„
676 1585 755 1617 Rel.
779 1593 801 1616 a
825 1585 855 1616 1.

125 1652 187 1686 m.,
210 1643 354 1683 BeroL,
383 1641 512 1673 Dresd.
547 1643 585 1673 et
610 1641 745 1682 Guelf.‚
769 1648 857 1672 usus

126 1698 223 1742 equi.
275 1700 407 1731 Franc.
440 1706 508 1738 pro
543 1706 578 1728 v.
607 1705 679 1728 scr.
703 1705 792 1728 usus
816 1704 857 1728 e-

126 1753 222 1796 quis,
245 1762 334 1786 unus
359 1753 441 1785 Ital.
466 1761 555 1784 usus
571 1760 673 1794 equo.
719 1753 794 1784 Pal.
812 1752 857 1795 1.,

126 1810 238 1850 BusL,
262 1810 315 1841 IV
338 1808 398 1840 alii
421 1809 542 1840 Heius.
568 1811 604 1840 et
626 1808 706 1840 Rel.
729 1817 797 1848 pro
822 1818 857 1840 v.

126 1872 199 1896 scr.
222 1865 327 1895 lusus
351 1863 445 1904 equi.
468 1883 511 1888 -
534 1863 731 1906 Αωζεφιο,
755 1872 858 1905 quem

127 1926 245 1959 nuper
268 1918 366 1950 dedit
388 1919 550 1961 Merkel,
584 1920 720 1951 nullam
743 1928 858 1960 prope

128 1975 237 2007 habet
259 1973 515 2006 auctoritatem
544 1977 709 2007 veterum
743 1975 860 2007 libro-

128 2035 224 2071 rum,
251 2020 365 2068 *atque
395 2036 542 2060 errasse
565 2038 643 2062 eum
651 2052 666 2071 ,
694 2031 860 2062 scriben-

129 2085 204 2117 tem
226 2083 363 2116 Heinsii
386 2084 561 2125 plurimos
585 2085 730 2117 codices
756 2086 860 2117 abla-

76 2162 83 2166 .
131 2138 243 2171 tivum
266 2138 424 2181 habere,
457 2140 519 2172 vel
548 2149 593 2172 ex
624 2149 667 2173 eo
692 2143 861 2184 apparet,

133 2195 226 2236 quod
251 2202 296 2226 ex
318 2195 410 2227 VIII
432 2195 505 2226 suis
537 2197 573 2226 et
595 2195 731 2227 nostris
757 2197 860 2228 codd.

133 2259 225 2283 unus
247 2251 386 2282 tantum
410 2250 517 2283 crev.
541 2251 620 2282 cod.
641 2250 746 2282 lusus
769 2258 861 2292 equo

133 2306 312 2338 exhibeat.
356 2306 539 2338 Abhorret
566 2314 706 2347 quoque
729 2307 863 2339 ablati-

134 2371 202 2394 vus
225 2370 248 2393 a
270 2361 529 2394 consuetudine
553 2362 706 2394 dicendi.
738 2364 864 2403 Itaque

135 2426 216 2450 cum
245 2417 408 2449 omnibus
441 2418 522 2450 fere
559 2419 661 2451 codd.
691 2416 865 2459 {scriben-

137 2474 219 2505 dum
250 2470 345 2513 equi.
400 2472 600 2506 Lususan
634 2475 746 2506 ludus
768 2475 865 2507 scri-

137 2529 293 2562 bendum
317 2528 385 2571 sit,
417 2528 551 2561 diffcile
574 2531 630 2561 est
654 2530 866 2572 diiudicare,

137 2585 206 2617 nisi
229 2585 323 2626 quod
346 2584 451 2615 lusus
473 2584 645 2622 maiorem
654 2572 866 2626 ‘auotorita-

138 2642 210 2673 tem
232 2639 425 2671 vetustatis
448 2639 583 2671 habere
605 2640 761 2672 videtur.

183 2706 315 2748 Agitur
345 2708 464 2738 autem
488 2707 531 2738 de
555 2707 736 2748 equitandi
759 2714 868 2738 exer-

141 2763 372 2796 citationibus
393 2762 429 2794 in
443 2761 577 2803 Campo
599 2761 745 2795 Martio.
785 2761 870 2794 Vid.

139 2818 229 2850 Fab.
258 2818 422 2860 Agonist.
452 2819 478 2849 I.
511 2826 542 2850 c.
578 2817 630 2849 16.
684 2818 772 2850 Hor.
803 2816 869 2850 Od.

142 2875 177 2916 1,
199 2874 236 2916 8,
260 2874 291 2906 3.
326 2871 328 2873 ’

954 703 1112 738 Levibus
1148 701 1296 735 luditur
1331 699 1461 734 armis.
1527 685 1639 734 Ludi'-

913 768 1014 792 crum
1038 760 1072 791 id
1094 768 1275 792 armorum
1303 758 1517 790 vocabatur.
1560 756 1639 788 Ve-

912 818 984 857 get.
1009 817 1053 847 de
1076 816 1129 847 Re
1153 815 1225 846 mil.
1248 816 1350 846 Rom.
1373 815 1401 845 I.
1431 821 1462 844 e.
1490 813 1520 843 9.
1543 819 1640 852 seqq.

914 869 1019 902 Conf.
1043 871 1150 903 Trist.
1172 872 1240 913 IV,
1261 871 1296 912 1,
1315 871 1367 902 72.
1388 911 1393 914 α
1418 870 1507 900 Hor.
1531 869 1594 900 Od.
1616 869 1641 900 l.

913 927 939 959 1.
962 943 1007 948 —
1027 924 1187 958 Levibus
1215 927 1255 957 ut
1283 926 1328 956 de
1354 925 1513 957 lusoriis.
1542 924 1642 964 Lips.

916 983 1061 1015 saturn.
1094 983 1139 1013 11.
1169 988 1200 1012 o.
1232 980 1284 1012 19.
1350 981 1439 1012 Hor.
1468 980 1511 1011 A.
1536 979 1575 1010 P.
1607 987 1643 1011 v.

917 1037 992 1070 379.

982 1099 1099 1127 Ludere
1130 1099 1181 1134 qui
1212 1100 1321 1134 nescit,
1349 1097 1567 1135 campestribus
1589 1095 1644 1123 ab·

1311 1145 1404 1175 stinet
1421 1143 1522 1177 armis,

982 1190 1186 1227 Indoctusque
1229 1191 1310 1226 pilae
1351 1188 1466 1218 discive
1508 1186 1646 1215 trochive

1310 1234 1450 1271 quiescit,

984 1278 1028 1307 No
1056 1279 1173 1314 spissae
1196 1280 1290 1309 risum
1307 1279 1416 1308 tollant
1437 1277 1558 1313 impune
1592 1283 1646 1305 co-

1314 1330 1419 1352 ronae.

920 1395 1002 1428 Vid.
1025 1395 1115 1427 Hor.
1138 1394 1213 1427 sat.
1235 1394 1288 1434 ΙΙ,
1320 1392 1357 1434 2,
1381 1392 1547 1441 9.<seqq.,
1583 1390 1648 1424 od.

921 1453 952 1493 1,
976 1452 1012 1492 8,
1038 1451 1107 1492 10.,
1129 1451 1199 1491 111,
1223 1448 1280 1490 24,
1304 1450 1358 1480 55.

965 1529 1019 1560 20.
1059 1525 1243 1559 Vertitur.
1288 1525 1363 1557 Pal.
1389 1523 1434 1566 1.,
1457 1522 1533 1555 Pol.
1558 1521 1589 1554 1.
1612 1522 1650 1554 et

921 1583 970 1625 2.,
994 1582 1105 1624 Gall„
1128 1582 1239 1623 BusL,
1261 1582 1411 1622 Bersm.,
1428 1581 1560 1612 Franc.
1580 1586 1648 1619 pro

922 1647 957 1671 v.
981 1647 1068 1680 scr„
1091 1639 1146 1669 111
1169 1638 1230 1670 alii
1246 1637 1366 1670 Heius.
1384 1638 1420 1667 et
1434 1632 1650 1666 nex-olmet-

922 1692 1039 1725 vitur.
1092 1695 1146 1726 De
1173 1691 1257 1733 pila
1285 1693 1322 1723 et
1352 1690 1485 1722 trocho
1508 1689 1580 1721 vid.
1603 1688 1650 1719 ad

925 1752 976 1793 Π,
999 1750 1076 1782 485.
1121 1749 1265 1781 Pirckh.
1290 1747 1388 1778 arte.
1420 1766 1424 1776 .

968 1827 1021 1860 21.
1050 1825 1121 1868 „N
1121 1834 1192 1858 unc
1204 1825 1265 1858 ubi
1278 1824 1452 1857 inventus
1465 1822 1545 1854 oleo
1558 1827 1653 1863 per-

921 1883 1012 1925 fusa
1042 1883 1116 1924 est,
1153 1891 1204 1914 se.
1235 1882 1280 1913 ad
1318 1880 1424 1912 varia
1456 1877 1655 1911 certamina

927 1940 1051 1981 Campi
1084 1934 1291 1979 ineunda“,
1333 1936 1426 1977 quod
1466 1933 1578 1974 poeta.
1614 1931 1655 1963 ut

925 2001 1003 2026 rem
1034 2002 1101 2034 per
1129 2001 1170 2025 se
1198 1994 1319 2024 notam
1349 1990 1491 2023 omittit.
1554 1988 1654 2021 cave

927 2051 1020 2081 enim
1049 2050 1217 2090 poetam,
1248 2047 1342 2087 quod
1374 2046 1489 2086 primo
1514 2044 1654 2085 quidem

884 2122 890 2134 .
927 2107 1079 2145 aspectu
1105 2103 1223 2136 videri
1251 2101 1388 2144 possit,
1426 2101 1549 2132 dicere
1584 2107 1654 2139 pu-

927 2162 999 2201 tes,
1022 2160 1106 2191 oleo
1129 2159 1312 2198 perfusam
1333 2157 1454 2189 statim
1485 2155 1656 2188 iuventu-

927 2214 1001 2245 tem
1021 2213 1059 2245 in
1082 2213 1248 2245 balneum
1275 2214 1345 2255 ire,
1374 2202 1475 2253 quasi
1505 2212 1551 2243 ad
1574 2209 1656 2242 bal-

928 2276 1034 2300 neum
1057 2270 1289 2309 ungerentur.
1322 2268 1434 2300 Vetat
1453 2267 1550 2301 enim
1566 2274 1656 2307 cou-

930 2326 1083 2356 suetudo
1099 2326 1354 2356 Romanorum.
1398 2323 1534 2355 Eodem
1550 2321 1656 2354 modo

929 2380 1076 2413 locutus
1098 2382 1154 2412 est
1177 2381 1264 2412 Hor.
1287 2379 1363 2412 sat.
1387 2379 1420 2421 1,
1445 2377 1577 2420 6,.123.

997 2467 1426 2475 —————————
1442 2458 1539 2486 ungor
1557 2449 1652 2479 olivo:

997 2498 1054 2528 Ast
1076 2497 1128 2526 ubi
1154 2506 1202 2526 me
1224 2497 1336 2527 fessum
1360 2496 1407 2525 sol
1430 2495 1530 2524 acrior
1547 2493 1592 2522 ire
1609 2494 1657 2526 la-

1321 2543 1423 2570 vatum

998 2576 1163 2606 Admonuit
1178 2591 1212 2597 —-
1491 2576 1499 2612 ᾗ

935 2648 990 2680 De
1014 2655 1058 2678 ea
1081 2640 1445 2678 consuetudine'ante
1466 2642 1572 2674 ludos
1589 2648 1658 2673 un-

935 2704 1044 2745 gendi
1071 2703 1142 2734 vid.
1172 2701 1334 2734 Gronov.
1365 2698 1478 2731 Diatr.
1508 2697 1545 2729 in
1567 2697 1659 2729 Stat.

937 2757 974 2790 c.
991 2758 1062 2799 25„
1085 2758 1230 2789 Metam.
1252 2757 1299 2799 X,
1324 2754 1397 2787 176.
1443 2752 1547 2787 eous.
1572 2753 1659 2784 Hor.

940 2813 1004 2846 Od.
1014 2813 1045 2854 1,
1057 2813 1093 2854 8,
1109 2813 1140 2845 8.
1178 2809 1268 2843 oleo
1286 2807 1444 2850 labente,
1467 2807 1659 2841 diffluente.

935 2868 1040 2910 Virg.
1064 2869 1106 2901 A.
1130 2867 1197 2908 111,
1219 2865 1295 2898 281.
