1846 3146
527 134 658 200 Lm.
691 150 731 198 1.
781 146 984 198 mnne.
1017 147 1081 196 11.
1103 147 1206 227 ,¹¹¹-

1564 146 1626 194 61

111 271 229 322 Νοιι
261 276 394 334 casu,
428 271 521 322 sed
550 288 647 322 vos
678 271 769 340 spb
805 268 1086 320 conditione
1116 270 1301 329 vocati,

176 355 380 405 Fallere
409 371 536 421 'quos
566 369 664 404 non
697 358 789 412 est,
823 352 950 402 hanc
981 351 1096 400 mihi
1128 352 1270 400 fertis
1304 365 1458 417 opem.
1533 352 1632 402 110

609 597 955 646 ELEGIA
1004 599 1138 646 ΙΙΙ.

154 709 275 744 Ροέω
288 710 522 753 postremam
532 708 574 743 ὅτι
593 709 627 743 U
625 711 693 744 rbe
706 711 853 744 noctem
870 710 1090 754 tristemque
1102 710 1305 744 discessum
1323 717 1431 742 mm
1443 708 1632 742 describit.

111 828 235 882 Cn'm
266 829 399 880 subit
426 830 563 879 illius
595 832 871 881 tristissima
905 834 1064 881 noctis
1096 834 1273 897 imag0‚

125 962 127 965 ,
174 913 284 974 Qua
313 913 434 963 mihi
460 929 731 980 supremum
764 918 951 982 tempus
985 918 1034 963 in
1068 915 1205 964 Urbe
1245 915 1366 975 fuit3

100 1047 226 1090 Bul„
254 1049 354 1089 Iun„
381 1045 541 1088 Pirckln„
570 1047 646 1079 Pal.
668 1047 701 1079 2.
724 1051 763 1079 et
783 1049 836 1079 xl

107 1103 172 1136 alii
191 1103 333 1144 Heius„
361 1103 469 1134 etiam
500 1103 586 1144 seg.
614 1104 652 1135 et
681 1104 737 1134 ed.
762 1099 836 1135 Bo-

108 1165 194 1190 non.
217 1164 433 1198 vanescere,
467 1158 562 1198 quod
594 1157 674 1190 sine
706 1158 838 1190 idonea

108 1216 240 1244 cauma
260 1211 403 1252 recepit
423 1211 604 1244 Heinsius.

149 1267 275 1308 Fingit
300 1270 422 1299 autem
457 1266 572 1307 poeta
600 1270 684 1307 post
726 1270 837 1302 hasce

108 1316 318 1363 propositas
335 1321 560 1353 conditiones
578 1322 729 1354 subitam
743 1327 838 1356 tem-

107 1376 262 1418 pestatis
279 1376 542 1418 remissionem,
559 1379 597 1408 et
613 1384 691 1408 cum
704 1378 840 1411 affectu

109 1431 268 1473 quaerit:
294 1430 442 1474 fallor,
471 1438 522 1462 an
545 1430 615 1462 etc.
664 1431 763 1464 Fast.
787 1435 838 1475 11,

109 1486 188 1519 8³³.

129 1583 132 1586 ἢ
174 1546 337 1583 Fallimur,
366 1554 408 1577 an
437 1547 521 1576 veris
544 1549 727 1583 praenuntia
754 1550 840 1578 venit

151 1599 161 1601 ·
360 1605 363 1606 ⁷
505 1593 658 1621 hirundo?

130 1649 234 1687 108.
266 1650 341 1682 Ira
367 1650 499 1684 maris.
552 1652 615 1685 Sic
643 1653 720 1684 Pal.
742 1653 774 1685 1.
802 1654 840 1684 et

110 1705 216 1737 multi
230 1705 294 1737 alii
309 1706 447 1750 nefins„
458 1709 558 1749 seg„
572 1707 697 1749 Crev„
709 1709 839 1740 Dresd.

111 1762 150 1792 et
163 1761 283 1793 Berol.
327 1758 477 1802 Quidam
492 1762 632 1794 Heinsii
644 1762 747 1794 unda
769 1761 840 1794 dei.

112 1816 219 1848 Bern-
240 1814 306 1847 ira
327 1814 398 1847 dei.
433 1816 569 1857 Guelf„
582 1817 689 1849 Goth.
702 1821 739 1849 et
750 1820 840 1850 vett.

111 1871 193 1903 edd.
222 1871 328 1903 unda
357 1869 478 1902 maris
492 1887 535 1892 —
549 1870 623 1902 Ira
656 1872 695 1903 et
721 1867 841 1913 furor

110 1924 205 1957 nari
224 1933 338 1967 saepe
355 1926 575 1958 tribuuntur.
605 1929 693 1959 Met.
704 1929 738 1969 I,
749 1928 841 1967 330„

110 1978 196 2021 ΧΠ,
216 1981 287 2022 36.,
309 1981 396 2013 Ber.
416 1982 559 2024 XVIII,
580 1982 615 2014 2.
635 1984 673 2013 et
694 1981 767 2023 28„
781 1981 842 2013 ubi

80 2042 89 2046 ·
110 2026 184 2077 vid.
205 2038 283 2068 not.

113 2079 116 2089 ‘
157 2089 232 2122 Ira
249 2090 462 2133 frangitur.
515 2091 573 2125 cf.
594 2094 628 2135 1,
653 2092 688 2134 1,
711 2091 765 2124 94.

155 2155 232 2188 1⁰9.
263 2156 353 2189 Non
374 2167 480 2191 casu-
509 2159 664 2192 Primum
675 2160 840 2192 scriben-

112 2211 194 2243 dmn
217 2219 329 2244 ems
350 2220 429 2245 cum
452 2215 548 2255 Put.,
568 2215 680 2257 Busl.,
702 2216 779 2247 Iun.
802 2216 840 2246 et

114 2267 152 2298 11
186 2265 270 2299 aliis
297 2276 366 2309 pro
396 2268 496 2310 vulg.
525 2276 643 2310 came,-
682 2271 722 2302 ut
750 2271 839 2302 Met.

112 2321 214 2362 XIV,
237 2321 331 2354 168..

179 2388 215 2394 -
229 2388 264 2394 -
278 2388 314 2394 -
328 2388 364 2395 —
377 2368 413 2396 .'..
428 2375 479 2411 qui
500 2377 531 2402 te
548 2382 676 2403 casusve
694 2375 809 2404 deusve

179 2416 290 2447 Servat
304 2415 527 2446 Achaemenide
535 2418 550 2445 Ἰ

112 2476 252 2509 Deinde
278 2469 424 2517 plurimi
452 2477 518 2508 sed
545 2485 612 2508 vos
640 2476 708 2508 sub
730 2478 841 2518 longe

112 2532 266 2573 rectius,
288 2539 394 2572 quam
412 2531 564 2572 vulgata
577 2533 632 2568 (et
642 2540 840 2571 paucorum

114 2586 218 2625 codd.
240 2586 278 2617 et
298 2588 389 2618 vett.
412 2586 491 2618 edd.
512 2588 659 2627 praeter
682 2588 836 2623 Bonon.)

112 2639 296 2680 scriptura
335 2649 402 2672 vos
438 2641 504 2673 sed
542 2641 621 2673 sub.
689 2641 836 2672 Hzms.

112 2695 276 2736 Vulgata
299 2698 335 2728 et
350 2696 506 2728 omnium
516 2704 633 2737 prope
645 2697 730 2729 libb.
740 2698 837 2729 seri-

113 2751 222 2790 ptura
231 2759 322 2783 casu
331 2759 403 2783 non
417 2753 693 2793 contemnenda,
709 2753 748 2783 ut
767 2742 837 2783 h'oc

115 2803 229 2847 dicad:
256 2815 332 2839 mm
359 2814 452 2839 casu
479 2815 564 2848 vos,
595 2815 669 2839 non
698 2807 837 2849 temere

903 1056 952 1082 ae
971 1047 1052 1081 sine
1073 1047 1249 1090 consilio,
1279 1047 1371 1090 quia
1390 1046 1449 1080 sic
1470 1046 1576 1080 vobis
1594 1047 1634 1080 in
1684 1076 1694 1083 ,

902 1104 1062 1135 mentem
1084 1103 1198 1146 venit,
1221 1111 1365 1144 verum,
1382 1101 1471 1144 quia
1485 1110 1551 1144 eqo
1566 1111 1635 1135 vos

901 1159 970 1191 sub
992 1158 1206 1192 conditione
1228 1158 1351 1200 oravi,
1379 1158 1502 1190 marie
1519 1157 1636 1200 ruro-

901 1223 967 1247 res
993 1214 1147 1247 sedatis.
1199 1215 1291 1246 Binc
1319 1222 1394 1246 non
1423 1215 1519 1246 mala
1543 1223 1637 1255 quo-

904 1279 973 1312 que
1002 1270 1187 1312 scriptura
1208 1279 1292 1311 vos,
1315 1270 1382 1302 sed
1389 1282 1406 1310 ‚·
1434 1278 1635 1310 quanquam

903 1326 970 1359 sed
991 1335 1059 1358 vos
1081 1327 1189 1358 etiam
1211 1326 1288 1358 Pal.
1301 1326 1499 1367 1.,Gue1f.,
1512 1326 1637 1367 Goth„

904 1384 1033 1415 Dresd.
1056 1385 1094 1414 et
1115 1382 1247 1422 reliqui
1269 1381 1339 1414 mei
1368 1388 1492 1413 omnes
1518 1383 1556 1412 et
1579 1381 1636 1412 ed.

904 1438 1042 1470 Bonon.
1071 1453 1116 1460 —-·
1143 1438 1205 1470 Fr.
1228 1438 1318 1469 Rev.
1344 1445 1420 1467 non
1450 1444 1542 1468 casu
1570 1436 1638 1467 sed

906 1501 928 1525 o
950 1501 1018 1524 vos
1038 1492 1117 1524 sub.
1160 1492 1235 1525 Pal.
1249 1491 1279 1523 1.
1292 1494 1329 1523 et
1345 1492 1440 1522 Mor.
1459 1499 1526 1525 vos
1547 1489 1638 1523 mihi

902 1546 1017 1589 fertis
1039 1555 1156 1588 opem.
1210 1546 1380 1579 Ceterum
1410 1547 1509 1588 vide,
1532 1555 1637 1587 quam

906 1603 1040 1635 callide
1062 1604 1100 1634 et
1122 1603 1313 1642 eleganter
1338 1601 1451 1642 poeta
1476 1603 1547 1634 ista
1568 1603 1638 1634 ad-

907 1658 1048 1690 diderit.
1084 1658 1139 1690 De
1156 1665 1232 1689 non
1244 1657 1301 1688 est
1311 1657 1382 1689 vid.
1394 1659 1439 1689 ad
1452 1659 1520 1699 111,
1532 1658 1570 1700 4,
1581 1660 1636 1690 55.

1136 1775 1320 1828 manen&
1344 1794 1409 1826 m.

951 1857 982 1889 1.
1004 1855 1126 1897 Subit,
1146 1856 1185 1888 in
1207 1857 1363 1888 mentem
1380 1855 1491 1887 venit.
1534 1854 1638 1887 Dici-
1667 1864 1670 1869 ¹

906 1913 967 1943 tm·
988 1911 1204 1952 simpliciter
1225 1909 1364 1951 subire,
1385 1913 1425 1942 ut
1442 1911 1475 1942 h.
1492 1910 1534 1952 1.,
1550 1913 1637 1942 Met.

905 1967 971 2008 XI,
993 1967 1070 1999 542.
1093 1969 1131 1998 et
1154 1969 1213 2009 11,
1242 1968 1339 2008 755„
1368 1964 1496 1997 subire
1524 1964 1640 1997 menti

906 2022 969 2054 vel
989 2021 1126 2063 am'mo,
1150 2024 1189 2053 ut
1211 2022 1321 2054 Trist.
1341 2022 1373 2062 1,
1397 2024 1434 2062 5,
1454 2022 1522 2062 13„
1533 2022 1637 2052 Pont.

907 2078 977 2119 IV,
1002 2078 1059 2119 15,
1081 2078 1158 2118 20„
1189 2079 1226 2109 et
1248 2078 1343 2117 quod
1369 2077 1637 2108 usitatissimum

907 2137 964 2165 est
998 2132 1125 2166 subire
1157 2132 1335 2172 mentem,
1365 2134 1405 2163 ut
1434 2134 1522 2163 Met.
1554 2133 1639 2172 XII,

906 2190 982 2221 472.
1035 2189 1119 2221 vid.
1142 2187 1247 2218 serv.
1271 2187 1316 2217 ad
1340 2186 1444 2227 virg.
1466 2188 1509 2219 A.
1532 2187 1639 2227 VIII,

907 2245 982 2276 125.
1004 2261 1050 2267 -
1071 2243 1182 2284 Vat.,
1211 2242 1342 2282 Hafa„
1365 2243 1460 2282 Put.,
1482 2241 1579 2273 Gall.
1603 2244 1640 2273 et

909 2301 1017 2333 Goth.
1039 2299 1137 2331 dum.

950 2367 984 2398 2.
1018 2365 1109 2404 Qua.
1156 2363 1253 2396 Gall.
1278 2364 1315 2394 et
1333 2363 1421 2393 vett.
1441 2364 1519 2395 edd.
1531 2371 1638 2405 quae,

910 2423 1007 2463 quod
1025 2421 1121 2452 dedit
1138 2419 1317 2451 Heinsius.
1349 2420 1421 2451 Sed
1442 2428 1521 2451 cum
1541 2419 1638 2450 seri-

906 2477 1017 2516 ptura
1038 2482 1134 2516 quae
1163 2478 1200 2506 et
1222 2474 1424 2515 simplicior
1447 2476 1485 2506 et
1508 2482 1528 2506 e
1554 2475 1639 2506 vul-
1686 2500 1688 2503 ,

905 2531 987 2572 gari
1014 2539 1116 2563 more
1146 2530 1288 2561 dicendi
1315 2529 1385 2571 sit,
1414 2530 1499 2562 mihi
1528 2531 1631 2561 codd.

904 2593 1101 2618 consensus
1122 2586 1159 2617 in
1181 2586 1368 2626 scriptura
1387 2592 1464 2626 qua
1485 2594 1559 2618 nou
1580 2586 1631 2618 li-

903 2642 1036 2673 brariIs
1065 2641 1189 2673 deberi
1218 2641 1378 2682 videtur,
1408 2649 1500 2680 quae
1523 2642 1632 2673 etiam

903 2696 1109 2737 elegantior
1131 2698 1169 2728 et
1191 2695 1403 2728 concinnior
1426 2699 1502 2737 est,
1526 2705 1631 2737 quum

904 2761 940 2783 v.
963 2752 996 2782 3.
1016 2751 1144 2784 iterum
1167 2758 1243 2793 qua
1263 2754 1447 2794 sequatur.
1466 2768 1505 2774 —
1523 2752 1630 2784 Serv.

904 2806 1014 2847 quod.
