<?xml version="1.0" encoding="UTF-8"?>
<!DOCTYPE html PUBLIC "-//W3C//DTD XHTML 1.0 Transitional//EN"
    "http://www.w3.org/TR/xhtml1/DTD/xhtml1-transitional.dtd">
<html xmlns="http://www.w3.org/1999/xhtml" xml:lang="en" lang="en">
 <head>
  <title>
</title>
<meta http-equiv="Content-Type" content="text/html;charset=utf-8" />
  <meta name='ocr-system' content='tesseract 3.04.00' />
  <meta name='ocr-capabilities' content='ocr_page ocr_carea ocr_par ocr_line ocrx_word'/>
</head>
<body>
  <div class='ocr_page' id='page_1' title='image "./tristiumlibriqui00oviduoft_0016.png"; bbox 0 0 1846 3146; ppageno 0'>
   <div class='ocr_carea' id='block_1_1' title="bbox 143 157 1179 250">
    <p class='ocr_par' dir='ltr' id='par_1_1' title="bbox 143 157 1179 250">
     <span class='ocr_line' id='line_1_1' title="bbox 143 157 1179 250; baseline 0.002 -4"><span class='ocrx_word' id='word_1_1' title='bbox 143 157 149 163; x_wconf 53' lang='grc'><em>’</em></span> <span class='ocrx_word' id='word_1_2' title='bbox 213 215 251 246; x_wconf 71' lang='lat' dir='ltr'>x</span> <span class='ocrx_word' id='word_1_3' title='bbox 759 197 1179 250; x_wconf 68' lang='lat' dir='ltr'><strong>PRAEFA&#39;rlo.</strong></span> 
     </span>
    </p>
   </div>
   <div class='ocr_carea' id='block_1_2' title="bbox 199 319 1788 2873">
    <p class='ocr_par' dir='ltr' id='par_1_2' title="bbox 199 319 1788 2873">
     <span class='ocr_line' id='line_1_2' title="bbox 208 319 1738 387; baseline 0.005 -20"><span class='ocrx_word' id='word_1_4' title='bbox 208 324 357 383; x_wconf 82' lang='lat' dir='ltr'><strong>atque</strong></span> <span class='ocrx_word' id='word_1_5' title='bbox 392 319 673 370; x_wconf 85' lang='lat' dir='ltr'><strong>infelicibus</strong></span> <span class='ocrx_word' id='word_1_6' title='bbox 705 323 879 387; x_wconf 88' lang='lat' dir='ltr'><strong>partim</strong></span> <span class='ocrx_word' id='word_1_7' title='bbox 914 323 1017 370; x_wconf 90' lang='lat' dir='ltr'><strong>suis</strong></span> <span class='ocrx_word' id='word_1_8' title='bbox 1050 323 1223 387; x_wconf 89' lang='lat' dir='ltr'><strong>partim</strong></span> <span class='ocrx_word' id='word_1_9' title='bbox 1259 321 1479 378; x_wconf 67' lang='lat' dir='ltr'><strong>aliorum,</strong></span> <span class='ocrx_word' id='word_1_10' title='bbox 1498 323 1738 384; x_wconf 84' lang='lat' dir='ltr'><strong>editorum</strong></span> 
     </span>
     <span class='ocr_line' id='line_1_3' title="bbox 211 402 1737 470; baseline 0.004 -19"><span class='ocrx_word' id='word_1_11' title='bbox 211 403 508 451; x_wconf 88' lang='lat' dir='ltr'><strong>coniecturis</strong></span> <span class='ocrx_word' id='word_1_12' title='bbox 556 407 776 453; x_wconf 84' lang='lat' dir='ltr'><strong>tentavit.</strong></span> <span class='ocrx_word' id='word_1_13' title='bbox 845 402 973 453; x_wconf 86' lang='lat' dir='ltr'><strong>Sunt</strong></span> <span class='ocrx_word' id='word_1_14' title='bbox 1021 420 1212 469; x_wconf 89' lang='lat' dir='ltr'><strong>quoque</strong></span> <span class='ocrx_word' id='word_1_15' title='bbox 1254 406 1305 452; x_wconf 89' lang='lat' dir='ltr'><strong>in</strong></span> <span class='ocrx_word' id='word_1_16' title='bbox 1353 403 1526 470; x_wconf 85' lang='lat' dir='ltr'><strong>quibus</strong></span> <span class='ocrx_word' id='word_1_17' title='bbox 1568 421 1737 456; x_wconf 85' lang='lat' dir='ltr'><strong>veram</strong></span> 
     </span>
     <span class='ocr_line' id='line_1_4' title="bbox 213 487 1737 555; baseline 0.003 -20"><span class='ocrx_word' id='word_1_18' title='bbox 213 488 500 552; x_wconf 77' lang='lat' dir='ltr'><strong>scripturam</strong></span> <span class='ocrx_word' id='word_1_19' title='bbox 543 489 649 535; x_wconf 87' lang='lat' dir='ltr'><strong>sine</strong></span> <span class='ocrx_word' id='word_1_20' title='bbox 692 504 780 535; x_wconf 88' lang='lat' dir='ltr'><strong>sua</strong></span> <span class='ocrx_word' id='word_1_21' title='bbox 815 487 960 553; x_wconf 91' lang='lat' dir='ltr'><strong>culpa</strong></span> <span class='ocrx_word' id='word_1_22' title='bbox 1007 490 1118 536; x_wconf 82' lang='lat' dir='ltr'><strong>sive</strong></span> <span class='ocrx_word' id='word_1_23' title='bbox 1163 490 1337 537; x_wconf 89' lang='lat' dir='ltr'><strong>merito</strong></span> <span class='ocrx_word' id='word_1_24' title='bbox 1384 487 1737 555; x_wconf 52' lang='lat' dir='ltr'><strong>dederit33eos</strong></span> 
     </span>
     <span class='ocr_line' id='line_1_5' title="bbox 209 569 1736 638; baseline 0.003 -20"><span class='ocrx_word' id='word_1_25' title='bbox 209 570 325 618; x_wconf 87' lang='lat' dir='ltr'><strong>dico</strong></span> <span class='ocrx_word' id='word_1_26' title='bbox 359 569 518 628; x_wconf 88' lang='grc'>10008,</span> <span class='ocrx_word' id='word_1_27' title='bbox 564 570 655 618; x_wconf 89' lang='lat' dir='ltr'><strong>ubi·</strong></span> <span class='ocrx_word' id='word_1_28' title='bbox 680 576 923 636; x_wconf 82' lang='lat' dir='ltr'>receptam</span> <span class='ocrx_word' id='word_1_29' title='bbox 971 587 1000 619; x_wconf 93' lang='lat' dir='ltr'><strong>a</strong></span> <span class='ocrx_word' id='word_1_30' title='bbox 1042 585 1098 619; x_wconf 90' lang='lat' dir='ltr'><strong>se</strong></span> <span class='ocrx_word' id='word_1_31' title='bbox 1143 586 1416 635; x_wconf 84' lang='lat' dir='ltr'><strong>germanam</strong></span> <span class='ocrx_word' id='word_1_32' title='bbox 1451 574 1736 638; x_wconf 67' lang='lat' dir='ltr'><strong>scripturam</strong></span> 
     </span>
     <span class='ocr_line' id='line_1_6' title="bbox 209 651 1736 719; baseline 0.002 -19"><span class='ocrx_word' id='word_1_33' title='bbox 209 651 478 700; x_wconf 83' lang='lat' dir='ltr'><strong>rationibus</strong></span> <span class='ocrx_word' id='word_1_34' title='bbox 526 658 576 700; x_wconf 89' lang='lat' dir='ltr'><strong>et</strong></span> <span class='ocrx_word' id='word_1_35' title='bbox 630 655 924 717; x_wconf 83' lang='lat' dir='ltr'><strong>argumentis</strong></span> <span class='ocrx_word' id='word_1_36' title='bbox 969 669 1135 719; x_wconf 83' lang='lat' dir='ltr'><strong>pamm</strong></span> <span class='ocrx_word' id='word_1_37' title='bbox 1178 653 1369 703; x_wconf 84' lang='lat' dir='ltr'><strong>idoneis</strong></span> <span class='ocrx_word' id='word_1_38' title='bbox 1419 655 1736 704; x_wconf 83' lang='lat' dir='ltr'><strong>confirmavit.</strong></span> 
     </span>
     <span class='ocr_line' id='line_1_7' title="bbox 211 735 1736 803; baseline 0.003 -21"><span class='ocrx_word' id='word_1_39' title='bbox 211 735 439 799; x_wconf 89' lang='lat' dir='ltr'><strong>Denique</strong></span> <span class='ocrx_word' id='word_1_40' title='bbox 479 735 642 785; x_wconf 81' lang='lat' dir='ltr'><strong>multis</strong></span> <span class='ocrx_word' id='word_1_41' title='bbox 686 736 839 796; x_wconf 87' lang='lat' dir='ltr'><strong>locis,</strong></span> <span class='ocrx_word' id='word_1_42' title='bbox 885 735 967 785; x_wconf 92' lang='lat' dir='ltr'><strong>ubi</strong></span> <span class='ocrx_word' id='word_1_43' title='bbox 1011 735 1139 784; x_wconf 88' lang='lat' dir='ltr'><strong>illud</strong></span> <span class='ocrx_word' id='word_1_44' title='bbox 1181 752 1304 802; x_wconf 89' lang='lat' dir='ltr'><strong>opus</strong></span> <span class='ocrx_word' id='word_1_45' title='bbox 1351 752 1465 786; x_wconf 87' lang='lat' dir='ltr'><strong>esse</strong></span> <span class='ocrx_word' id='word_1_46' title='bbox 1505 739 1736 803; x_wconf 88' lang='lat' dir='ltr'><strong>imprimis</strong></span> 
     </span>
     <span class='ocr_line' id='line_1_8' title="bbox 206 817 1748 879; baseline 0.001 -12"><span class='ocrx_word' id='word_1_47' title='bbox 206 817 483 879; x_wconf 85' lang='lat' dir='ltr'><strong>videbatur,</strong></span> <span class='ocrx_word' id='word_1_48' title='bbox 520 821 879 867; x_wconf 84' lang='lat' dir='ltr'><strong>annotationem</strong></span> <span class='ocrx_word' id='word_1_49' title='bbox 926 820 1143 868; x_wconf 82' lang='lat' dir='ltr'><strong>criticam</strong></span> <span class='ocrx_word' id='word_1_50' title='bbox 1175 819 1357 868; x_wconf 86' lang='lat' dir='ltr'><strong>nullam</strong></span> <span class='ocrx_word' id='word_1_51' title='bbox 1389 819 1587 869; x_wconf 85' lang='lat' dir='ltr'><strong>adiecit.</strong></span> <span class='ocrx_word' id='word_1_52' title='bbox 1653 821 1748 870; x_wconf 90' lang='lat' dir='ltr'><strong>Ac·</strong></span> 
     </span>
     <span class='ocr_line' id='line_1_9' title="bbox 208 900 1736 970; baseline 0.001 -21"><span class='ocrx_word' id='word_1_53' title='bbox 208 900 273 949; x_wconf 90' lang='lat' dir='ltr'><strong>de</strong></span> <span class='ocrx_word' id='word_1_54' title='bbox 307 906 436 949; x_wconf 91' lang='lat' dir='ltr'><strong>statu</strong></span> <span class='ocrx_word' id='word_1_55' title='bbox 470 906 634 950; x_wconf 79' lang='lat' dir='ltr'><strong>textus</strong></span> <span class='ocrx_word' id='word_1_56' title='bbox 680 901 848 950; x_wconf 89' lang='lat' dir='ltr'><strong>horum</strong></span> <span class='ocrx_word' id='word_1_57' title='bbox 898 903 1156 951; x_wconf 85' lang='lat' dir='ltr'><strong>carminum</strong></span> <span class='ocrx_word' id='word_1_58' title='bbox 1197 907 1247 950; x_wconf 93' lang='lat' dir='ltr'><strong>et</strong></span> <span class='ocrx_word' id='word_1_59' title='bbox 1290 902 1355 952; x_wconf 92' lang='lat' dir='ltr'><strong>de</strong></span> <span class='ocrx_word' id='word_1_60' title='bbox 1400 903 1736 970; x_wconf 83' lang='lat' dir='ltr'><strong>superioribus</strong></span> 
     </span>
     <span class='ocr_line' id='line_1_10' title="bbox 208 974 1475 1050; baseline 0.002 -18"><span class='ocrx_word' id='word_1_61' title='bbox 208 999 376 1032; x_wconf 87' lang='lat' dir='ltr'><strong>eorum</strong></span> <span class='ocrx_word' id='word_1_62' title='bbox 409 985 777 1033; x_wconf 84' lang='lat' dir='ltr'><strong>recensionibus</strong></span> <span class='ocrx_word' id='word_1_63' title='bbox 814 984 1006 1050; x_wconf 88' lang='lat' dir='ltr'><strong>quidem</strong></span> <span class='ocrx_word' id='word_1_64' title='bbox 1038 985 1288 1034; x_wconf 88' lang='lat' dir='ltr'><strong>hactenus.</strong></span> <span class='ocrx_word' id='word_1_65' title='bbox 1467 974 1475 983; x_wconf 56' lang='lat'>⁸</span> 
     </span>
     <span class='ocr_line' id='line_1_11' title="bbox 306 1067 1735 1132; baseline 0.001 -17"><span class='ocrx_word' id='word_1_66' title='bbox 306 1067 565 1115; x_wconf 86' lang='lat' dir='ltr'><strong>Praesidia</strong></span> <span class='ocrx_word' id='word_1_67' title='bbox 598 1069 790 1128; x_wconf 81' lang='lat' dir='ltr'><strong>critica,</strong></span> <span class='ocrx_word' id='word_1_68' title='bbox 842 1068 1013 1132; x_wconf 91' lang='lat' dir='ltr'><strong>quibus</strong></span> <span class='ocrx_word' id='word_1_69' title='bbox 1055 1067 1120 1116; x_wconf 88' lang='lat' dir='ltr'><strong>ad</strong></span> <span class='ocrx_word' id='word_1_70' title='bbox 1154 1070 1488 1117; x_wconf 80' lang='lat' dir='ltr'><strong>recensionem</strong></span> <span class='ocrx_word' id='word_1_71' title='bbox 1522 1072 1735 1116; x_wconf 86' lang='lat' dir='ltr'><strong>nostram</strong></span> 
     </span>
     <span class='ocr_line' id='line_1_12' title="bbox 206 1152 1782 1217; baseline 0.001 -19"><span class='ocrx_word' id='word_1_72' title='bbox 206 1152 282 1198; x_wconf 91' lang='lat' dir='ltr'><strong>usi</strong></span> <span class='ocrx_word' id='word_1_73' title='bbox 315 1167 492 1210; x_wconf 89' lang='lat' dir='ltr'><strong>sumus,</strong></span> <span class='ocrx_word' id='word_1_74' title='bbox 529 1165 749 1215; x_wconf 88' lang='lat' dir='ltr'><strong>quaeque</strong></span> <span class='ocrx_word' id='word_1_75' title='bbox 782 1153 830 1198; x_wconf 91' lang='lat' dir='ltr'><strong>in</strong></span> <span class='ocrx_word' id='word_1_76' title='bbox 869 1153 1221 1200; x_wconf 90' lang='lat' dir='ltr'><strong>commentariis</strong></span> <span class='ocrx_word' id='word_1_77' title='bbox 1256 1153 1436 1200; x_wconf 87' lang='lat' dir='ltr'><strong>nostris</strong></span> <span class='ocrx_word' id='word_1_78' title='bbox 1470 1153 1735 1217; x_wconf 83' lang='lat' dir='ltr'><strong>proposui-</strong></span> <span class='ocrx_word' id='word_1_79' title='bbox 1779 1162 1782 1164; x_wconf 84' lang='grc'><strong>’</strong></span> 
     </span>
     <span class='ocr_line' id='line_1_13' title="bbox 207 1221 1733 1300; baseline 0.001 -20"><span class='ocrx_word' id='word_1_80' title='bbox 207 1249 335 1292; x_wconf 84' lang='lat' dir='ltr'><strong>mus,</strong></span> <span class='ocrx_word' id='word_1_81' title='bbox 373 1221 582 1298; x_wconf 74' lang='lat' dir='ltr'><strong>vprimum</strong></span> <span class='ocrx_word' id='word_1_82' title='bbox 615 1239 728 1282; x_wconf 88' lang='lat' dir='ltr'><strong>sunt</strong></span> <span class='ocrx_word' id='word_1_83' title='bbox 762 1237 1033 1295; x_wconf 86' lang='lat' dir='ltr'><strong>variantes,</strong></span> <span class='ocrx_word' id='word_1_84' title='bbox 1079 1251 1198 1299; x_wconf 88' lang='lat' dir='ltr'><strong>quas</strong></span> <span class='ocrx_word' id='word_1_85' title='bbox 1232 1235 1384 1300; x_wconf 88' lang='lat' dir='ltr'><strong>prisci</strong></span> <span class='ocrx_word' id='word_1_86' title='bbox 1418 1231 1589 1282; x_wconf 91' lang='lat' dir='ltr'><strong>horum</strong></span> <span class='ocrx_word' id='word_1_87' title='bbox 1623 1249 1733 1283; x_wconf 88' lang='lat' dir='ltr'><strong>car-</strong></span> 
     </span>
     <span class='ocr_line' id='line_1_14' title="bbox 204 1314 1735 1382; baseline 0.001 -19"><span class='ocrx_word' id='word_1_88' title='bbox 204 1319 378 1364; x_wconf 88' lang='lat' dir='ltr'><strong>minum</strong></span> <span class='ocrx_word' id='word_1_89' title='bbox 412 1314 645 1377; x_wconf 84' lang='lat' dir='ltr'><strong>editores,</strong></span> <span class='ocrx_word' id='word_1_90' title='bbox 683 1319 764 1382; x_wconf 91' lang='lat' dir='ltr'><strong>qui</strong></span> <span class='ocrx_word' id='word_1_91' title='bbox 799 1323 910 1367; x_wconf 90' lang='lat' dir='ltr'><strong>ante</strong></span> <span class='ocrx_word' id='word_1_92' title='bbox 936 1318 1130 1366; x_wconf 91' lang='lat' dir='ltr'><strong>Heinsii</strong></span> <span class='ocrx_word' id='word_1_93' title='bbox 1165 1322 1215 1366; x_wconf 93' lang='lat' dir='ltr'><strong>et</strong></span> <span class='ocrx_word' id='word_1_94' title='bbox 1232 1317 1495 1365; x_wconf 88' lang='lat' dir='ltr'><strong>Burmanni</strong></span> <span class='ocrx_word' id='word_1_95' title='bbox 1528 1320 1735 1365; x_wconf 86' lang='lat' dir='ltr'><strong>aetatem</strong></span> 
     </span>
     <span class='ocr_line' id='line_1_15' title="bbox 206 1399 1734 1466; baseline 0.001 -19"><span class='ocrx_word' id='word_1_96' title='bbox 206 1399 418 1459; x_wconf 89' lang='lat' dir='ltr'><strong>fuerunt,</strong></span> <span class='ocrx_word' id='word_1_97' title='bbox 457 1414 485 1447; x_wconf 93' lang='lat' dir='ltr'><strong>e</strong></span> <span class='ocrx_word' id='word_1_98' title='bbox 515 1399 656 1448; x_wconf 89' lang='lat' dir='ltr'><strong>libris</strong></span> <span class='ocrx_word' id='word_1_99' title='bbox 691 1417 832 1448; x_wconf 89' lang='lat' dir='ltr'><strong>manu</strong></span> <span class='ocrx_word' id='word_1_100' title='bbox 866 1402 1063 1466; x_wconf 69' lang='lat' dir='ltr'><strong>scriptiS</strong></span> <span class='ocrx_word' id='word_1_101' title='bbox 1100 1404 1478 1465; x_wconf 84' lang='lat' dir='ltr'><strong>excerpserunt,</strong></span> <span class='ocrx_word' id='word_1_102' title='bbox 1524 1399 1734 1463; x_wconf 84' lang='lat' dir='ltr'><strong>Nauge-</strong></span> 
     </span>
     <span class='ocr_line' id='line_1_16' title="bbox 203 1481 1734 1548; baseline -0.001 -18"><span class='ocrx_word' id='word_1_103' title='bbox 203 1485 317 1543; x_wconf 84' lang='lat' dir='ltr'><strong>rius,</strong></span> <span class='ocrx_word' id='word_1_104' title='bbox 355 1482 600 1530; x_wconf 86' lang='lat' dir='ltr'><strong>Hercules</strong></span> <span class='ocrx_word' id='word_1_105' title='bbox 639 1481 895 1544; x_wconf 83' lang='lat' dir='ltr'><strong>Ciofanus,</strong></span> <span class='ocrx_word' id='word_1_106' title='bbox 935 1483 1206 1548; x_wconf 80' lang='lat' dir='ltr'><strong>Gregorius</strong></span> <span class='ocrx_word' id='word_1_107' title='bbox 1252 1484 1596 1542; x_wconf 68' lang='lat' dir='ltr'><strong>Bemmannus,</strong></span> <span class='ocrx_word' id='word_1_108' title='bbox 1631 1481 1734 1542; x_wconf 89' lang='lat' dir='ltr'><strong>alii,</strong></span> 
     </span>
     <span class='ocr_line' id='line_1_17' title="bbox 203 1565 1732 1631; baseline -0.001 -17"><span class='ocrx_word' id='word_1_109' title='bbox 203 1581 328 1630; x_wconf 88' lang='lat' dir='ltr'><strong>quae</strong></span> <span class='ocrx_word' id='word_1_110' title='bbox 361 1567 411 1613; x_wconf 88' lang='lat' dir='ltr'><strong>in</strong></span> <span class='ocrx_word' id='word_1_111' title='bbox 444 1565 706 1613; x_wconf 89' lang='lat' dir='ltr'><strong>Burmanni</strong></span> <span class='ocrx_word' id='word_1_112' title='bbox 749 1565 965 1615; x_wconf 91' lang='lat' dir='ltr'><strong>editione</strong></span> <span class='ocrx_word' id='word_1_113' title='bbox 1001 1565 1172 1616; x_wconf 87' lang='lat' dir='ltr'><strong>Ovidii</strong></span> <span class='ocrx_word' id='word_1_114' title='bbox 1207 1581 1402 1631; x_wconf 87' lang='lat' dir='ltr'><strong>operum</strong></span> <span class='ocrx_word' id='word_1_115' title='bbox 1438 1567 1620 1613; x_wconf 86' lang='lat' dir='ltr'><strong>maiore</strong></span> <span class='ocrx_word' id='word_1_116' title='bbox 1652 1570 1732 1613; x_wconf 91' lang='lat' dir='ltr'><strong>ut-</strong></span> 
     </span>
     <span class='ocr_line' id='line_1_18' title="bbox 209 1646 1735 1713; baseline -0.001 -16"><span class='ocrx_word' id='word_1_117' title='bbox 209 1664 399 1713; x_wconf 90' lang='lat' dir='ltr'><strong>cunque</strong></span> <span class='ocrx_word' id='word_1_118' title='bbox 455 1648 735 1713; x_wconf 75' lang='lat' dir='ltr'><strong>descriptae</strong></span> <span class='ocrx_word' id='word_1_119' title='bbox 788 1651 1109 1698; x_wconf 90' lang='lat' dir='ltr'><strong>continentur.</strong></span> <span class='ocrx_word' id='word_1_120' title='bbox 1208 1647 1495 1695; x_wconf 88' lang='lat' dir='ltr'><strong>Bersmanni</strong></span> <span class='ocrx_word' id='word_1_121' title='bbox 1545 1646 1735 1697; x_wconf 88' lang='lat' dir='ltr'><strong>codicis</strong></span> 
     </span>
     <span class='ocr_line' id='line_1_19' title="bbox 202 1731 1733 1796; baseline -0.001 -17"><span class='ocrx_word' id='word_1_122' title='bbox 202 1733 376 1796; x_wconf 89' lang='lat' dir='ltr'><strong>copiae</strong></span> <span class='ocrx_word' id='word_1_123' title='bbox 433 1747 557 1779; x_wconf 87' lang='lat' dir='ltr'><strong>vero</strong></span> <span class='ocrx_word' id='word_1_124' title='bbox 611 1732 754 1779; x_wconf 89' lang='lat' dir='ltr'><strong>etiam</strong></span> <span class='ocrx_word' id='word_1_125' title='bbox 806 1734 926 1780; x_wconf 90' lang='lat' dir='ltr'><strong>satis</strong></span> <span class='ocrx_word' id='word_1_126' title='bbox 963 1731 1243 1796; x_wconf 75' lang='lat' dir='ltr'><strong>diligenter</strong></span> <span class='ocrx_word' id='word_1_127' title='bbox 1288 1735 1485 1780; x_wconf 89' lang='lat' dir='ltr'><strong>notatae</strong></span> <span class='ocrx_word' id='word_1_128' title='bbox 1513 1735 1640 1789; x_wconf 57' lang='lat' dir='ltr'><strong>‚sunt</strong></span> <span class='ocrx_word' id='word_1_129' title='bbox 1682 1733 1733 1778; x_wconf 90' lang='lat' dir='ltr'><strong>in</strong></span> 
     </span>
     <span class='ocr_line' id='line_1_20' title="bbox 202 1813 1777 1867; baseline 0 -5"><span class='ocrx_word' id='word_1_130' title='bbox 202 1814 357 1862; x_wconf 89' lang='lat' dir='ltr'><strong>tribus</strong></span> <span class='ocrx_word' id='word_1_131' title='bbox 402 1814 687 1862; x_wconf 88' lang='lat' dir='ltr'><strong>Bersmanni</strong></span> <span class='ocrx_word' id='word_1_132' title='bbox 736 1813 1047 1864; x_wconf 85' lang='lat' dir='ltr'><strong>editionibus.</strong></span> <span class='ocrx_word' id='word_1_133' title='bbox 1137 1813 1334 1862; x_wconf 84' lang='lat' dir='ltr'><strong>Deinde</strong></span> <span class='ocrx_word' id='word_1_134' title='bbox 1377 1816 1549 1863; x_wconf 86' lang='lat' dir='ltr'><strong>variae</strong></span> <span class='ocrx_word' id='word_1_135' title='bbox 1603 1815 1731 1863; x_wconf 70' lang='lat' dir='ltr'><strong>scri-.-</strong></span> <span class='ocrx_word' id='word_1_136' title='bbox 1767 1865 1777 1867; x_wconf 68' lang='grc'><strong>,</strong></span> 
     </span>
     <span class='ocr_line' id='line_1_21' title="bbox 200 1896 1733 1972; baseline -0.001 -28"><span class='ocrx_word' id='word_1_137' title='bbox 200 1903 373 1972; x_wconf 70' lang='lat' dir='ltr'><strong>pturae</strong></span> <span class='ocrx_word' id='word_1_138' title='bbox 411 1896 633 1945; x_wconf 86' lang='lat' dir='ltr'><strong>codicum</strong></span> <span class='ocrx_word' id='word_1_139' title='bbox 652 1896 719 1944; x_wconf 88' lang='lat' dir='ltr'><strong>N.</strong></span> <span class='ocrx_word' id='word_1_140' title='bbox 752 1897 962 1957; x_wconf 90' lang='lat' dir='ltr'><strong>Heinsii,</strong></span> <span class='ocrx_word' id='word_1_141' title='bbox 1000 1913 1066 1946; x_wconf 88' lang='lat' dir='ltr'><strong>ex</strong></span> <span class='ocrx_word' id='word_1_142' title='bbox 1100 1900 1254 1963; x_wconf 88' lang='lat' dir='ltr'><strong>ipsius</strong></span> <span class='ocrx_word' id='word_1_143' title='bbox 1288 1897 1484 1946; x_wconf 87' lang='lat' dir='ltr'><strong>Heinsii</strong></span> <span class='ocrx_word' id='word_1_144' title='bbox 1517 1902 1568 1946; x_wconf 86' lang='lat' dir='ltr'><strong>et</strong></span> <span class='ocrx_word' id='word_1_145' title='bbox 1599 1897 1733 1946; x_wconf 64' lang='lat' dir='ltr'><strong>Bur-</strong></span> 
     </span>
     <span class='ocr_line' id='line_1_22' title="bbox 202 1978 1733 2046; baseline 0.001 -20"><span class='ocrx_word' id='word_1_146' title='bbox 202 1982 362 2027; x_wconf 85' lang='lat' dir='ltr'><strong>manni</strong></span> <span class='ocrx_word' id='word_1_147' title='bbox 397 1978 596 2028; x_wconf 89' lang='lat' dir='ltr'><strong>schedis</strong></span> <span class='ocrx_word' id='word_1_148' title='bbox 626 1979 943 2045; x_wconf 86' lang='lat' dir='ltr'><strong>autographis</strong></span> <span class='ocrx_word' id='word_1_149' title='bbox 964 1985 1013 2028; x_wconf 90' lang='lat' dir='ltr'><strong>et</strong></span> <span class='ocrx_word' id='word_1_150' title='bbox 1031 1985 1266 2046; x_wconf 89' lang='lat' dir='ltr'><strong>apparatu</strong></span> <span class='ocrx_word' id='word_1_151' title='bbox 1294 1982 1466 2032; x_wconf 88' lang='lat' dir='ltr'><strong>critico</strong></span> <span class='ocrx_word' id='word_1_152' title='bbox 1501 1979 1733 2045; x_wconf 85' lang='lat' dir='ltr'><strong>expletae</strong></span> 
     </span>
     <span class='ocr_line' id='line_1_23' title="bbox 201 2061 1732 2127; baseline -0.001 -16"><span class='ocrx_word' id='word_1_153' title='bbox 201 2067 347 2127; x_wconf 88' lang='lat' dir='ltr'><strong>atque</strong></span> <span class='ocrx_word' id='word_1_154' title='bbox 393 2067 661 2111; x_wconf 87' lang='lat' dir='ltr'><strong>correctae.</strong></span> <span class='ocrx_word' id='word_1_155' title='bbox 730 2061 914 2121; x_wconf 81' lang='lat' dir='ltr'><strong>Quales</strong></span> <span class='ocrx_word' id='word_1_156' title='bbox 959 2065 1102 2111; x_wconf 91' lang='lat' dir='ltr'><strong>enim-</strong></span> <span class='ocrx_word' id='word_1_157' title='bbox 1127 2065 1178 2110; x_wconf 91' lang='lat' dir='ltr'><strong>in</strong></span> <span class='ocrx_word' id='word_1_158' title='bbox 1210 2062 1474 2110; x_wconf 86' lang='lat' dir='ltr'><strong>Burmanni</strong></span> <span class='ocrx_word' id='word_1_159' title='bbox 1514 2061 1732 2111; x_wconf 86' lang='lat' dir='ltr'><strong>editione</strong></span> 
     </span>
     <span class='ocr_line' id='line_1_24' title="bbox 200 2144 1733 2211; baseline -0.002 -16"><span class='ocrx_word' id='word_1_160' title='bbox 200 2147 384 2196; x_wconf 86' lang='lat' dir='ltr'><strong>maiore</strong></span> <span class='ocrx_word' id='word_1_161' title='bbox 419 2144 580 2195; x_wconf 89' lang='lat' dir='ltr'><strong>adhuc</strong></span> <span class='ocrx_word' id='word_1_162' title='bbox 614 2149 875 2194; x_wconf 85' lang='lat' dir='ltr'><strong>annotatae</strong></span> <span class='ocrx_word' id='word_1_163' title='bbox 910 2145 1183 2205; x_wconf 85' lang='lat' dir='ltr'><strong>exstabant,</strong></span> <span class='ocrx_word' id='word_1_164' title='bbox 1219 2147 1438 2194; x_wconf 84' lang='lat' dir='ltr'><strong>incertae</strong></span> <span class='ocrx_word' id='word_1_165' title='bbox 1471 2160 1532 2194; x_wconf 86' lang='lat' dir='ltr'><strong>ac</strong></span> <span class='ocrx_word' id='word_1_166' title='bbox 1563 2161 1733 2211; x_wconf 87' lang='lat' dir='ltr'><strong>parum</strong></span> 
     </span>
     <span class='ocr_line' id='line_1_25' title="bbox 199 2227 1730 2293; baseline 0 -18"><span class='ocrx_word' id='word_1_167' title='bbox 199 2230 423 2292; x_wconf 86' lang='lat' dir='ltr'><strong>integrae</strong></span> <span class='ocrx_word' id='word_1_168' title='bbox 458 2232 620 2288; x_wconf 87' lang='lat' dir='ltr'><strong>erant,</strong></span> <span class='ocrx_word' id='word_1_169' title='bbox 664 2228 810 2292; x_wconf 87' lang='lat' dir='ltr'><strong>atque</strong></span> <span class='ocrx_word' id='word_1_170' title='bbox 842 2230 893 2276; x_wconf 92' lang='lat' dir='ltr'><strong>in</strong></span> <span class='ocrx_word' id='word_1_171' title='bbox 934 2230 1139 2276; x_wconf 84' lang='lat' dir='ltr'><strong>maxime</strong></span> <span class='ocrx_word' id='word_1_172' title='bbox 1183 2227 1345 2277; x_wconf 90' lang='lat' dir='ltr'><strong>dubiis</strong></span> <span class='ocrx_word' id='word_1_173' title='bbox 1391 2242 1542 2293; x_wconf 87' lang='lat' dir='ltr'><strong>saepe</strong></span> <span class='ocrx_word' id='word_1_174' title='bbox 1585 2227 1730 2287; x_wconf 88' lang='lat' dir='ltr'><strong>locis,</strong></span> 
     </span>
     <span class='ocr_line' id='line_1_26' title="bbox 202 2311 1732 2377; baseline 0.001 -19"><span class='ocrx_word' id='word_1_175' title='bbox 202 2328 340 2375; x_wconf 89' lang='lat' dir='ltr'><strong>quam</strong></span> <span class='ocrx_word' id='word_1_176' title='bbox 374 2311 636 2360; x_wconf 88' lang='lat' dir='ltr'><strong>lectionem</strong></span> <span class='ocrx_word' id='word_1_177' title='bbox 653 2311 847 2377; x_wconf 86' lang='lat' dir='ltr'><strong>plurimi</strong></span> <span class='ocrx_word' id='word_1_178' title='bbox 883 2317 932 2360; x_wconf 89' lang='lat' dir='ltr'><strong>et</strong></span> <span class='ocrx_word' id='word_1_179' title='bbox 949 2313 1115 2377; x_wconf 88' lang='lat' dir='ltr'><strong>optimi</strong></span> <span class='ocrx_word' id='word_1_180' title='bbox 1133 2311 1246 2360; x_wconf 92' lang='lat' dir='ltr'><strong>libri</strong></span> <span class='ocrx_word' id='word_1_181' title='bbox 1263 2311 1512 2371; x_wconf 84' lang='lat' dir='ltr'><strong>haberent,</strong></span> <span class='ocrx_word' id='word_1_182' title='bbox 1548 2311 1732 2360; x_wconf 87' lang='lat' dir='ltr'><strong>frustra</strong></span> 
     </span>
     <span class='ocr_line' id='line_1_27' title="bbox 201 2393 1743 2460; baseline 0 -18"><span class='ocrx_word' id='word_1_183' title='bbox 201 2394 537 2458; x_wconf 84' lang='lat' dir='ltr'><strong>quaerebatur.</strong></span> <span class='ocrx_word' id='word_1_184' title='bbox 619 2394 842 2459; x_wconf 88' lang='lat' dir='ltr'><strong>Namque</strong></span> <span class='ocrx_word' id='word_1_185' title='bbox 878 2395 943 2443; x_wconf 87' lang='lat' dir='ltr'><strong>N.</strong></span> <span class='ocrx_word' id='word_1_186' title='bbox 977 2395 1240 2454; x_wconf 75' lang='lat' dir='ltr'><strong>Heinsius,</strong></span> <span class='ocrx_word' id='word_1_187' title='bbox 1285 2396 1422 2443; x_wconf 85' lang='lat' dir='ltr'><strong>cuius</strong></span> <span class='ocrx_word' id='word_1_188' title='bbox 1457 2393 1743 2460; x_wconf 86' lang='lat' dir='ltr'><strong>exemplum·</strong></span> 
     </span>
     <span class='ocr_line' id='line_1_28' title="bbox 201 2475 1729 2543; baseline -0.001 -18"><span class='ocrx_word' id='word_1_189' title='bbox 201 2483 398 2525; x_wconf 89' lang='lat' dir='ltr'><strong>secutus</strong></span> <span class='ocrx_word' id='word_1_190' title='bbox 435 2483 526 2537; x_wconf 86' lang='lat' dir='ltr'><strong>est,</strong></span> <span class='ocrx_word' id='word_1_191' title='bbox 565 2477 651 2526; x_wconf 88' lang='lat' dir='ltr'><strong>vel</strong></span> <span class='ocrx_word' id='word_1_192' title='bbox 684 2480 871 2543; x_wconf 88' lang='lat' dir='ltr'><strong>potius,</strong></span> <span class='ocrx_word' id='word_1_193' title='bbox 910 2479 1047 2526; x_wconf 90' lang='lat' dir='ltr'><strong>cuius</strong></span> <span class='ocrx_word' id='word_1_194' title='bbox 1083 2475 1293 2525; x_wconf 87' lang='lat' dir='ltr'><strong>schedas</strong></span> <span class='ocrx_word' id='word_1_195' title='bbox 1328 2482 1572 2542; x_wconf 86' lang='lat' dir='ltr'><strong>utcunque</strong></span> <span class='ocrx_word' id='word_1_196' title='bbox 1607 2492 1729 2526; x_wconf 89' lang='lat' dir='ltr'><strong>con-</strong></span> 
     </span>
     <span class='ocr_line' id='line_1_29' title="bbox 199 2558 1729 2625; baseline 0 -17"><span class='ocrx_word' id='word_1_197' title='bbox 199 2565 368 2625; x_wconf 85' lang='lat' dir='ltr'><strong>gestas</strong></span> <span class='ocrx_word' id='word_1_198' title='bbox 419 2565 564 2625; x_wconf 89' lang='lat' dir='ltr'><strong>atque</strong></span> <span class='ocrx_word' id='word_1_199' title='bbox 617 2560 978 2625; x_wconf 84' lang='lat' dir='ltr'><strong>conglutinatas</strong></span> <span class='ocrx_word' id='word_1_200' title='bbox 1036 2558 1195 2608; x_wconf 89' lang='lat' dir='ltr'><strong>edidit</strong></span> <span class='ocrx_word' id='word_1_201' title='bbox 1240 2560 1566 2621; x_wconf 85' lang='lat' dir='ltr'><strong>Burmannus,</strong></span> <span class='ocrx_word' id='word_1_202' title='bbox 1617 2562 1729 2608; x_wconf 85' lang='lat' dir='ltr'><strong>sive</strong></span> 
     </span>
     <span class='ocr_line' id='line_1_30' title="bbox 199 2642 1728 2707; baseline -0.002 -15"><span class='ocrx_word' id='word_1_203' title='bbox 199 2659 376 2692; x_wconf 91' lang='lat' dir='ltr'><strong>morem</strong></span> <span class='ocrx_word' id='word_1_204' title='bbox 397 2648 542 2707; x_wconf 89' lang='lat' dir='ltr'><strong>atque</strong></span> <span class='ocrx_word' id='word_1_205' title='bbox 563 2643 962 2699; x_wconf 84' lang='lat' dir='ltr'><strong>consuetudinem</strong></span> <span class='ocrx_word' id='word_1_206' title='bbox 988 2647 1220 2707; x_wconf 83' lang='lat' dir='ltr'><strong>sequutus</strong></span> <span class='ocrx_word' id='word_1_207' title='bbox 1239 2642 1374 2691; x_wconf 91' lang='lat' dir='ltr'><strong>illius</strong></span> <span class='ocrx_word' id='word_1_208' title='bbox 1392 2645 1581 2702; x_wconf 85' lang='lat' dir='ltr'><strong>aetatis,</strong></span> <span class='ocrx_word' id='word_1_209' title='bbox 1617 2644 1728 2690; x_wconf 88' lang='lat' dir='ltr'><strong>sive</strong></span> 
     </span>
     <span class='ocr_line' id='line_1_31' title="bbox 202 2720 1788 2792; baseline -0.001 -19"><span class='ocrx_word' id='word_1_210' title='bbox 202 2727 283 2789; x_wconf 80' lang='lat' dir='ltr'><strong>qui</strong></span> <span class='ocrx_word' id='word_1_211' title='bbox 316 2725 485 2773; x_wconf 87' lang='lat' dir='ltr'><strong>harum</strong></span> <span class='ocrx_word' id='word_1_212' title='bbox 521 2728 767 2792; x_wconf 90' lang='lat' dir='ltr'><strong>copiarum</strong></span> <span class='ocrx_word' id='word_1_213' title='bbox 801 2720 914 2792; x_wconf 83' lang='lat' dir='ltr'><strong>post</strong></span> <span class='ocrx_word' id='word_1_214' title='bbox 947 2742 1001 2774; x_wconf 84' lang='lat' dir='ltr'><strong>se</strong></span> <span class='ocrx_word' id='word_1_215' title='bbox 1049 2743 1164 2774; x_wconf 81' lang='lat' dir='ltr'><strong>usus</strong></span> <span class='ocrx_word' id='word_1_216' title='bbox 1201 2740 1313 2774; x_wconf 89' lang='lat' dir='ltr'><strong>esse</strong></span> <span class='ocrx_word' id='word_1_217' title='bbox 1347 2731 1542 2791; x_wconf 89' lang='lat' dir='ltr'><strong>posset,</strong></span> <span class='ocrx_word' id='word_1_218' title='bbox 1590 2725 1728 2773; x_wconf 91' lang='lat' dir='ltr'><strong>incu-</strong></span> <span class='ocrx_word' id='word_1_219' title='bbox 1774 2760 1788 2771; x_wconf 84' lang='lat'><em>.</em></span> 
     </span>
     <span class='ocr_line' id='line_1_32' title="bbox 207 2806 1725 2873; baseline -0.001 -17"><span class='ocrx_word' id='word_1_220' title='bbox 207 2810 381 2868; x_wconf 81' lang='lat' dir='ltr'><strong>riosus,</strong></span> <span class='ocrx_word' id='word_1_221' title='bbox 416 2810 528 2859; x_wconf 80' lang='lat' dir='ltr'><strong>sive</strong></span> <span class='ocrx_word' id='word_1_222' title='bbox 565 2809 772 2873; x_wconf 85' lang='lat' dir='ltr'><strong>denique</strong></span> <span class='ocrx_word' id='word_1_223' title='bbox 819 2808 948 2873; x_wconf 89' lang='lat' dir='ltr'><strong>quod</strong></span> <span class='ocrx_word' id='word_1_224' title='bbox 982 2825 1078 2857; x_wconf 89' lang='grc'><strong>000</strong></span> <span class='ocrx_word' id='word_1_225' title='bbox 1114 2810 1162 2856; x_wconf 93' lang='lat' dir='ltr'><strong>in</strong></span> <span class='ocrx_word' id='word_1_226' title='bbox 1198 2810 1354 2857; x_wconf 87' lang='lat' dir='ltr'><strong>animo</strong></span> <span class='ocrx_word' id='word_1_227' title='bbox 1390 2808 1582 2867; x_wconf 83' lang='lat' dir='ltr'><strong>habuit,</strong></span> <span class='ocrx_word' id='word_1_228' title='bbox 1617 2806 1725 2872; x_wconf 88' lang='lat' dir='ltr'><strong>ple-</strong></span> 
     </span>
    </p>
   </div>
  </div>
 </body>
</html>
