1846 3146
539 174 669 224 Lm.
701 173 791 223 111.
837 170 1047 222 mc.-
1076 171 1426 243 xlmam)

1636 148 1737 221 325
1800 196 1806 205 1

220 293 387 345 Scena
416 292 572 361 xviget⁷
604 294 874 370 studiisque
908 294 1061 344 favor
1088 292 1378 344 distantibus
1412 293 1569 354 ardet,

284 377 480 444 Proque
515 378 668 429 tribus
700 381 931 427 resonant
963 381 1103 453 terna
1133 375 1322 426 theatra
1355 376 1494 426 foris.

283 535 438 566 herme
459 535 575 572 patrias
600 536 668 564 oleo
693 534 814 564 labente
836 535 956 571 palae-2

283 623 395 652 nucha
412 624 490 654 socii
504 639 540 646 -
611 582 692 608 'm

221 692 282 727 ubi
302 693 375 726 vid.
397 692 552 735 interpp.
596 695 652 727 Ao
680 694 725 727 do
748 696 944 727 consuetu-

221 747 304 780 dine
340 749 584 782 Romanorum
624 752 708 791 post
750 748 945 790 quamlibet

219 802 515 844 defatigationem
532 804 699 845 corporis
712 804 862 837 lavandi
873 804 945 837 vid.

220 858 310 891 Hor.
340 857 405 891 Od-
433 859 471 900 1,
499 858 537 900 8,
563 859 597 891 8.
627 858 746 899 ibique
774 858 946 900 interpp„

220 914 350 955 vaget.
372 915 418 946 de
440 914 495 946 Be
516 913 617 946 milit.
641 915 668 946 1.
692 923 723 947 c.
747 914 801 946 10.
818 914 857 946 et
870 915 945 946 not.

218 968 275 1002 ad
285 969 352 1002 Ov.
371 970 456 1002 Her.
472 971 522 1011 11,
535 970 590 1002 90.
622 970 775 1002 Easdem
787 969 823 1000 in
836 969 946 1002 cam-

219 1033 268 1065 po
297 1024 559 1057 oblectationes
589 1024 705 1066 tangit
734 1025 771 1057 iu
803 1026 880 1057 Art.
902 1025 946 1056 A.

221 1081 292 1127 111,
315 1079 392 1112 asa.
595 1070 614 1124 J

220 1160 222 1163 ·
282 1152 360 1183 sunt
383 1152 446 1181 illis
472 1153 561 1187 (viris
585 1153 646 1187 u.)
671 1152 846 1186 sciensque
862 1151 944 1186 pilae

247 1199 249 1201 ’
513 1202 528 1216 ’
560 1198 750 1232 iaculumque
776 1195 942 1231 trochique,

330 1242 481 1279 Armaque
498 1245 531 1271 et
546 1242 578 1270 in
595 1249 687 1278 gyros
705 1241 749 1269 ire
768 1244 891 1270 coactus
909 1248 943 1269 e-

584 1295 650 1315 uus.

282 1332 346 1361 Rec
366 1339 421 1360 vos
447 1296 591 1366 wullaf)
618 1330 746 1365 Campus
771 1330 871 1364 hahet,
889 1337 946 1358 nec

320 1380 322 1382 ’
565 1382 620 1403 vos
637 1375 823 1409 gelidissima
840 1375 945 1410 Virgo,

333 1419 397 1448 Rec
418 1419 533 1448 Tuscus
560 1419 679 1455 placida
704 1419 827 1447 devehit
850 1419 946 1447 amnis

467 1469 477 1473 “
563 1471 651 1500 aqua.

229 1535 235 1539 ⁵
263 1547 318 1579 28.
357 1542 512 1586 Virqine
546 1543 659 1585 tinqit
693 1551 804 1585 aqua.
873 1546 945 1577 Pro

222 1601 320 1642 vulg.
344 1600 486 1641 tinyere
505 1599 647 1650 gaudet
671 1606 770 1639 aqua
798 1607 865 1631 nos
898 1607 945 1630 ex

219 1655 289 1687 ΜΒ.
312 1657 350 1687 et
370 1655 556 1696 Naugerio
586 1653 740 1694 Virqine
767 1654 875 1695 tinyit
899 1662 944 1685 a-

170 1714 174 1715 ’
201 1715 306 1751 Δφια.
358 1708 428 1752 Qui
457 1710 550 1742 enim
572 1710 608 1741 in
632 1710 766 1750 Campo
790 1717 944 1740 exerce-

218 1763 367 1805 bantur,
389 1773 483 1806 aqua
510 1766 662 1807 virgine
691 1765 878 1804 pulverem
908 1766 945 1795 et

219 1819 388 1851 sudorem
401 1819 606 1851 abluebant.
646 1820 804 1851 Eandem
817 1827 946 1859 aquam

219 1874 323 1906 Pont.
351 1875 390 1915 1,
420 1874 462 1915 8,
486 1875 539 1906 38.
587 1873 801 1914 Viryineum
823 1874 955 1915 liquo-

218 1936 303 1960 rem
325 1931 362 1961 et
383 1930 482 1961 Fast.
504 1930 536 1970 1,
559 1929 634 1961 464.
657 1937 794 1971 aquam
818 1928 947 1970 Virqi-

218 1992 330 2016 neam
351 1984 523 2024 appellat.
559 1984 809 2016 Bssnssrssvx.
851 1986 945 2028 Put.,

218 2039 367 2080 Fraus„
388 2039 465 2072 Pal.
488 2040 536 2081 2.,
556 2035 652 2081 Ιιω.,”
667 2041 720 2071 111
737 2039 799 2071 alii
812 2040 946 2083 Heius„

218 2093 326 2126 Rern.
350 2097 387 2126 et
410 2095 499 2126 vett.
522 2094 601 2125 edd.
627 2092 772 2134 tingere
797 2094 947 2135 gaudet.

218 2148 363 2188 Reliqui
392 2156 516 2180 omnes
548 2156 620 2180 uno
655 2156 832 2180 consensu
862 2148 946 2180 vir-

218 2197 305 2243 ,m'n'e
327 2201 439 2243 tingit
455 2210 567 2244 aqua.
612 2204 704 2236 Erat
720 2206 839 2236 autem
858 2204 949 2236 Vir-

218 2263 267 2298 ρο
295 2265 411 2299 aquae
440 2259 568 2290 ductus
596 2266 642 2291 ex
664 2267 767 2290 amne
791 2260 949 2291 eiusdem

220 2313 372 2345 nominis
402 2313 443 2346 iu
480 2314 614 2356 Campo
646 2314 794 2347 Martio.
849 2316 948 2348 Fast.

223 2369 257 2409 1,
279 2367 355 2400 464.
560 2366 568 2373 “

284 2440 342 2469 Hic
358 2441 410 2469 ubi
426 2442 564 2479 virginea
583 2443 710 2478 campus
735 2443 835 2471 obitur
858 2450 944 2478 aqua.

219 2511 302 2544 Vid.
326 2512 372 2542 ad
394 2511 502 2544 Trist.
520 2512 570 2552 V,
594 2511 628 2552 1,
647 2512 700 2544 32.
744 2514 852 2544 'reste
870 2513 946 2544 Pli-

220 2567 281 2599 nio
304 2567 432 2598 XXXI.
462 2574 494 2598 c.
524 2566 579 2598 2³.
608 2574 700 2607 aqua
730 2570 810 2599 erat
840 2568 947 2600 tacta

218 2622 434 2662 praestans.
480 2621 669 2662 Concepta
690 2630 735 2654 ea
751 2622 797 2653 ab
810 2623 946 2663 Agrip-

219 2684 268 2717 pa
291 2676 398 2714 (Plio.
420 2676 445 2707 l.
462 2676 511 2718 „U
535 2685 650 2716 prope
672 2679 818 2717 pontem
837 2677 946 2709 Sala-

221 2730 315 2763 rium
337 2732 374 2763 et
395 2731 675 2771 profundissimo
705 2732 814 2763 ducta
843 2732 946 2764 cuni-

222 2785 305 2818 culo
345 2794 414 2827 per
450 2786 665 2820 Collatmam
709 2790 851 2827 portam
886 2787 944 2819 in-

222 2840 335 2874 fluens
355 2841 423 2874 sub
453 2840 679 2875 hortulorum
711 2842 808 2876 colle
829 2843 942 2877 attol-

1010 536 1173 570 lebatur:
1202 537 1331 570 delude
1357 538 1498 570 armato
1528 544 1641 579 opere
1668 544 1737 578 per

1010 592 1182 625 Martium
1211 592 1380 633 Campum
1410 593 1565 625 deducta
1596 591 1738 625 balneis

1010 653 1139 687 aquam
1165 646 1402 679 ministrabat.
1458 647 1627 681 martian.
1656 649 1737 680 An-

1010 702 1071 743 tiq.
1100 703 1203 735 Rom.
1231 701 1295 734 VI.
1324 710 1355 734 c.
1390 702 1443 735 15.
1496 703 1661 751 Frontina.
1691 703 1737 735 de

1010 757 1234 800 Aquaeduct.
1257 764 1290 788 c.
1314 755 1367 789 10.

1055 824 1110 856 23.
1128 820 1472 857 ..Studiis—ardet.
1524 824 1588 858 Sic
1618 825 1736 858 arde-

1011 886 1072 919 re,
1103 879 1250 920 calere,
1275 877 1429 919 fervere
1454 879 1586 912 similia
1614 879 1652 912 in
1673 887 1738 911 re-

1011 933 1092 974 bus,
1115 940 1206 973 quae
1228 934 1389 966 studiose
1420 938 1599 977 aguntur,
1627 943 1739 977 saepe

1012 988 1134 1020 dicunt
1147 988 1266 1021 Latini
1285 989 1500 1030 scriptores.
1531 990 1613 1022 vid.
1625 991 1738 1023 Lam-

1010 1042 1082 1076 bin.
1105 1044 1151 1075 ad
1173 1045 1262 1077 Hor.
1285 1045 1398 1086 Epist.
1422 1046 1472 1087 11,
1493 1045 1531 1088 2,
1552 1046 1606 1078 72.
1659 1047 1738 1079 Bu-

1011 1098 1064 1131 til.
1086 1099 1168 1131 ltin.
1192 1102 1225 1142 1,
1246 1100 1323 1132 201.

1076 1161 1204 1198 Saepius
1222 1164 1368 1192 attonitae
1385 1166 1529 1192 resonant
1546 1164 1740 1193 circensibus

1405 1214 1506 1241 aures,

1125 1247 1251 1279 Nuntiat
1274 1258 1420 1280 accensus
1443 1252 1534 1287 plena
1556 1252 1674 1281 theatra
1692 1252 1740 1282 fa-

1404 1303 1468 1324 vor.

1011 1351 1066 1384 De
1086 1353 1214 1385 studiis
1233 1346 1487 1398 theatralibus,
1506 1363 1599 1397 quae
1616 1363 1639 1387 a
1654 1364 1740 1388 cor-

1012 1407 1128 1448 ruptis
1173 1417 1284 1450 saepe
1327 1411 1497 1442 mercede
1541 1411 1740 1443 hominibus

1011 1463 1248 1506 regebantur,
1270 1464 1342 1496 vid.
1364 1459 1480 1497 Tacit.
1503 1454 1633 1498 Annal.
1659 1467 1685 1497 1.
1710 1475 1740 1498 c.

1013 1518 1066 1551 16.
1095 1518 1214 1559 ibique
1244 1520 1419 1562 interpp.,
1449 1522 1597 1553 Sueton.
1626 1521 1741 1562 CaIIg.

1012 1582 1043 1605 c.
1066 1574 1119 1606 26.
1143 1577 1179 1606 et
1203 1576 1320 1628 βαι-ω.
1344 1577 1418 1607 not.
1449 1576 1495 1607 ad
1524 1577 1648 1608 Amor.
1671 1577 1741 1618 111,

1011 1630 1048 1672 2,
1072 1631 1125 1663 67.

1055 1697 1110 1729 24.
1145 1697 1297 1738 Proque
1330 1695 1615 1740 tribus—foris
1644 1697 1740 1729 scri-

1011 1752 1163 1784 bendum
1178 1761 1255 1795 cum
1264 1753 1424 1793 plurimis
1433 1756 1615 1785 veterum:
1628 1752 1741 1793 Busl„

1012 1807 1089 1838 Pol.
1112 1806 1142 1837 1.
1165 1808 1202 1838 et
1220 1808 1268 1849 2.,
1279 1808 1355 1840 Pal.
1367 1808 1414 1850 2.,
1426 1809 1558 1840 Frauc.
1569 1807 1741 1850 (Guelf.)‚

1013 1863 1089 1893 Put.
1124 1863 1162 1894 et
1190 1863 1275 1895 XXI
1309 1862 1401 1895 aliis.
1453 1864 1533 1896 Hoc
1562 1864 1619 1894 &st
1645 1864 1739 1903 quod

1012 1918 1098 1948 aute
1120 1917 1278 1951 dixerat:

1343 1979 1455 2007 iunctis
1472 1987 1509 2006 ex
1529 1979 1634 2007 ordine
1660 1980 1740 2007 ludis

1127 2025 1243 2055 cedere
1260 2024 1380 2055 verbosi
1398 2025 1519 2060 garrula
1536 2024 1616 2051 bella
1636 2023 1704 2051 fori.

1589 2071 1736 2103 Hsstzvs.

1012 2127 1154 2168 Reliqui
1186 2129 1289 2161 codd.
1319 2120 1440 2161 omnes
1470 2120 1513 2158 et*
1540 2129 1629 2158 vett.
1658 2128 1738 2159 edd.

1014 2190 1170 2224 cumque
1194 2183 1326 2230 tribus.

1057 2238 1158 2269 Inter
1179 2239 1293 2270 multa
1315 2237 1538 2270 vastissimae
1555 2237 1654 2269 urbis
1677 2239 1738 2271 fo-

1013 2301 1057 2325 ra
1080 2296 1186 2325 erant
1207 2293 1293 2334 tria,
1315 2292 1350 2323 in
1373 2291 1498 2331 quibus
1516 2292 1648 2325 iudicia
1669 2295 1737 2326 ha-

1013 2349 1207 2390 bebantur,
1229 2346 1507 2385 antiquissimum
1529 2348 1646 2379 forum
1657 2349 1736 2381 Ro-

1012 2412 1152 2435 manum
1183 2405 1228 2435 ad
1262 2401 1384 2441 pedem
1416 2402 1544 2433 montis
1566 2404 1762 2447 Palatini,—

965 2485 969 2487 ,
1011 2459 1223 2500 simpliciter
1242 2455 1349 2487 etiam
1363 2454 1492 2496 forum
1515 2457 1663 2500 dictum,
1674 2460 1735 2492 fo-

1011 2523 1091 2546 rum
1115 2515 1154 2547 c,
1176 2511 1239 2542 lul.
1264 2510 1430 2543 Caesaris
1453 2512 1734 2548 (Sueton.caes.

978 2564 980 2566 ’
1013 2576 1045 2600 c.
1075 2569 1130 2601 26.
1179 2565 1283 2598 Cous.
1308 2567 1382 2597 not.
1412 2567 1457 2598 ad
1487 2568 1561 2609 111,
1593 2568 1634 2611 1,
1663 2570 1734 2606 27.)

982 2635 990 2638 >
1013 2627 1050 2655 et
1072 2625 1187 2655 forum
1210 2621 1374 2662 Augusti.

1419 2621 1567 2654 sueton.
1583 2624 1674 2663 Aug.
1701 2633 1732 2656 c.

1011 2680 1065 2711 29.
1096 2676 1149 2708 31.
1203 2676 1307 2708 cons.
1339 2677 1406 2717 m,
1437 2676 1469 2716 1,
1498 2677 1551 2708 87.
1576 2678 1613 2708 et
1642 2678 1731 2709 Plin.

1011 2734 1051 2765 N.
1073 2731 1116 2762 Η.
1146 2731 1305 2762 XXXVI.
1335 2739 1365 2761 c.
1393 2731 1441 2770 5.,
1468 2730 1563 2768 Lips.
1596 2733 1730 2765 Admir.

1008 2787 1071 2818 111.
1102 2794 1133 2817 c.
1163 2786 1195 2817 6.
1260 2782 1380 2816 Trina
1408 2782 1501 2824 fora
1532 2782 1655 2817 Set-ec,
1684 2788 1730 2821 <10

992 2843 1070 2881 ‘Ira
1091 2841 1136 2874 11.
1159 2848 1190 2873 c.
1214 2839 1245 2872 9.
1298 2838 1457 2873 martial.
1479 2834 1539 2874 ΠΙ,
1561 2835 1615 2868 38.
