1846 3146
194 177 293 226 290

451 177 507 254 r.
522 232 531 239 ‚
545 176 767 227 ovum
801 176 1119 228 NASONIS
1156 146 1499 240 'mus'rmM

196 297 416 363 Cumque
450 299 628 364 aliquis
664 298 819 347 dicet:
869 299 1019 360 „Fuit
1050 299 1174 349 haee
1209 299 1477 361 formosa,“
1515 299 1731 364 dolebis,

261 382 328 430 Et
363 382 616 448 speculum
650 381 861 431 mendax
894 398 1006 432 esse
1039 398 1245 449 querere
1278 388 1445 432 tuum.-

195 465 324 515 Sunt
358 466 446 514 tibi
481 481 601 531 opes
636 465 873 527 modicae,
917 482 1024 515 cum
1071 470 1141 516 sis
1186 465 1472 531 dignissima
1517 469 1730 532 magnis3

260 549 422 613 Finge
458 548 550 596 sed
582 551 826 599 immensis
862 550 1089 600 censibus
1126 565 1238 611 esse
1281 564 1452 616 pares:

1661 550 1727 611 40

194 632 387 698 Nempe
423 631 507 680 dat
542 637 606 693 et,
644 633 967 699 quodeunque
1001 633 1141 695 libet,
1176 633 1374 682 fortuna
1409 635 1649 700 rapitque,

259 717 367 792 Irus
403 721 454 764 et
488 721 564 764 est
598 717 776 777 subito,
814 719 895 781 qui
930 717 1075 766 modo
1112 714 1332 767 Croesus
1369 721 1487 766 erat.

193 865 354 898 Brisson.
385 867 429 898 de
459 866 622 899 Form'ul.
658 866 704 898 V.
728 875 763 907 p.
787 867 863 899 365.
885 881 933 890 --·
997 868 1068 909 IV,
1092 868 1128 911 3,
1152 867 1223 904 38.)
1250 866 1413 909 fortuna
1443 867 1481 899 et
1510 867 1580 899 dat
1601 867 1639 900 et
1660 875 1732 900 ra-

192 921 239 953 V.
264 922 318 953 36.
342 923 446 965 Iun.,
481 923 642 964 Erana,
679 922 821 965 auem,
851 922 928 954 Pol.

192 980 346 1019 uterque
369 981 406 1010 et
423 979 514 1012 V111
537 979 600 1011 alii
622 978 719 1018 apud
742 977 929 1009 Heinsium

190 1033 385 1075 strepitus.

238 1125 290 1157 37.
325 1122 491 1156 Dolebz's.
535 1124 635 1156 Unus
658 1122 791 1157 Medic.
811 1121 926 1154 rube-

192 1176 259 1221 biS,
284 1181 379 1220 quod
402 1180 505 1212 fluxit
527 1187 574 1212 ex
586 1180 710 1212 Amor.
734 1179 766 1221 1,
791 1178 848 1220 14,
871 1177 925 1210 47.

257 1253 282 1282 0
308 1261 397 1290 quam
416 1260 518 1288 saepe,
546 1259 647 1281 comas
666 1251 767 1286 aliquo
785 1249 926 1285 mirante,

589 1296 724 1330 rubebis,

306 1342 348 1371 Et
377 1342 479 1370 dices:
515 1343 595 1369 emta
626 1348 706 1368 nunc
736 1348 793 1376 ego
825 1347 926 1368 meree

589 1385 711 1420 probor.

190 1431 323 1466 Medic.
346 1432 433 1477 Fae.
456 1443 492 1466 v.
517 1434 571 1467 47.

257 1517 386 1552 Tempus
405 1516 475 1552 erit,
494 1526 553 1554 quo
578 1526 634 1546 vos
652 1519 809 1553 speculum
827 1518 925 1547 vidis-

589 1572 621 1592 se
640 1564 767 1599 pigebit,

307 1606 348 1635 Et
370 1608 474 1635 veniet
496 1608 581 1642 rugis
603 1609 701 1636 altera
719 1616 810 1636 causa
828 1608 924 1636 dolor.

190 1679 278 1710 Met.
303 1678 387 1720 xv,
411 1678 488 1710 232.

255 1751 326 1779 Flet
344 1759 474 1787 quoque,
493 1755 527 1780 ut
549 1752 580 1779 in
603 1752 729 1786 speculo
754 1758 845 1787 rugas
869 1752 924 1779 ad-

589 1796 690 1831 spexit
710 1796 808 1823 aniles

255 1839 417 1875 Tyndaris,
437 1841 468 1867 et
493 1846 606 1874 secum,
631 1847 684 1867 cur
703 1840 743 1868 sit
759 1840 807 1869 bis
826 1843 923 1876 rapta,

588 1883 727 1919 requirit.

189 1953 349 1994 specula
372 1955 493 1985 autem
514 1955 682 1985 veterum
708 1961 781 1985 non
803 1953 925 1985 vitrea

188 2008 351 2050 fuerunt,
383 2010 422 2040 ut
456 2011 585 2040 nostra
614 2010 752 2050 aetate,
782 2010 846 2040 sed
869 2007 923 2049 fex

189 2071 292 2107 aere,
314 2066 462 2105 stanno,
485 2065 640 2104 argento
663 2070 827 2103 auroque
850 2071 921 2103 po-

187 2119 266 2151 lito.
319 2119 404 2152 Vid.
433 2119 589 2160 interpp.
621 2121 667 2151 ad
694 2120 787 2151 Plin.
811 2119 854 2151 N.
878 2120 920 2150 Η.

188 2176 356 2207 XXXIII.
380 2183 411 2207 c.
434 2176 465 2207 9.
491 2177 528 2207 et
550 2176 643 2207 Stat.
667 2175 757 2207 Silv.
781 2176 850 2216 ΙΙΙ,
884 2174 920 2216 4,

189 2232 247 2265 94.
266 2248 310 2254 --
331 2232 432 2264 Leid.
461 2230 575 2263 dicat.
629 2231 675 2263 V.
699 2230 753 2262 38.
786 2230 920 2262 Bersm.

190 2287 256 2320 tui.
303 2286 400 2320 Gall.
425 2294 599 2328 querare.

234 2375 287 2408 39.
327 2374 426 2407 Sunt
459 2373 536 2406 tibi.
606 2375 718 2417 Vulg.
752 2376 844 2407 sunt
875 2376 921 2407 et.

190 2430 322 2462 Omnes
344 2430 430 2462 libri
462 2432 552 2462 vett.
576 2431 664 2461 sunt
687 2430 763 2463 tibi.
811 2430 920 2464 Οιοπ.

188 2485 289 2517 Sunt
303 2484 369 2517 tibi
381 2486 456 2518 Pal.
474 2485 505 2518 1.
517 2487 554 2517 et
567 2486 684 2517 XXXI
697 2486 760 2518 alii
773 2486 920 2518 Hrcuvs.

188 2532 325 2574 Etiam‘
337 2541 457 2573 Guelf.
514 2541 638 2574 Nexus
661 2543 921 2574 sententiarum

189 2597 261 2627 est:
283 2595 382 2627 Sunt
414 2595 479 2628 tibi
507 2594 676 2628 modicae
711 2604 811 2638 opes,
835 2604 921 2629 cum

188 2651 342 2688 (tamen)
367 2674 374 2681 .
399 2675 408 2684 .
431 2675 438 2682 .
462 2650 630 2692 nmquis,-
661 2652 728 2683 sed
747 2651 816 2693 fac
841 2659 920 2683 esse

186 2704 375 2738 immensis
398 2705 567 2738 censibus
587 2714 706 2747 pares
723 2709 825 2745 (esse
840 2715 918 2739 ma-

186 2762 324 2804 ximas,
354 2761 441 2794 nihil
472 2764 615 2805 tamen,
652 2763 747 2804 quod
780 2764 919 2796 certum

187 2824 233 2849 ac
262 2817 394 2850 stabile
424 2820 536 2859 esset,
563 2818 736 2856 haberes)
743 2829 754 2860 3
788 2827 919 2859 nempe

187 2872 287 2909 (Vid.
311 2873 357 2905 ad
380 2873 448 2913 ΙΙΙ,
483 2872 519 2914 4,
549 2873 604 2905 23.
627 2875 664 2905 et
695 2873 791 2906 conf.
815 2873 917 2906 Pont.

300 2922 315 2939 Ο

994 920 1065 962 pit,
1088 921 1333 963 quodcunque
1355 921 1468 964 lubet,
1493 922 1561 954 etc.

1041 978 1095 1010 41.
1125 977 1292 1010 Heinsius
1315 977 1450 1019 primus
1466 977 1581 1009 dedit:
1606 976 1734 1010 datia

996 1033 1202 1076 cuicunque
1210 1025 1248 1075 ,f
1274 1041 1295 1064 e
1345 1033 1458 1066 variis
1502 1032 1731 1067 diversorum

993 1090 1096 1121 codd.
1119 1088 1312 1129 scripturis
1332 1089 1533 1122 -conssatam
1566 1089 1730 1130 scriptu-

991 1142 1080 1175 ram.
1111 1143 1203 1176 Nam
1224 1141 1432 1185 cuicunque
1452 1145 1577 1177 sumsit
1591 1153 1638 1177 ex
1655 1153 1729 1179 uno

993 1199 1141 1241 Medic„
1161 1197 1218 1240 qui
1234 1198 1344 1231 habet
1360 1199 1399 1230 et
1414 1198 1629 1240 cuicunque.
1651 1199 1733 1232 Dat

992 1252 1033 1286 ia
1049 1262 1094 1285 ex
1113 1255 1169 1285 tot
1186 1253 1258 1286 soli
1267 1254 1474 1296 Reg.,Put.,
1484 1255 1596 1298 Gall„
1605 1247 1730 1297 Bern.,

994 1311 1085 1350 Iun.,
1106 1308 1207 1340 Leid.
1226 1310 1263 1340 et
1274 1310 1311 1340 11
1323 1308 1386 1340 alii
1404 1311 1562 1343 tuentur.
1600 1313 1730 1352 Itaque

993 1364 1205 1405 vulgatam,
1236 1371 1328 1405 quae
1357 1364 1529 1405 optimam
1567 1365 1732 1398 continet

993 1418 1224 1460 sententiam,
1240 1419 1436 1452 revocavi:
1455 1421 1629 1463 „Nempe
1637 1419 1743 1463 for-⁴

994 1474 1088 1507 tuna
1111 1474 1156 1506 et
1177 1473 1247 1505 dat
1263 1475 1508 1518 quodcunque
1529 1474 1622 1508 libet
1643 1475 1730 1514 (da-

993 1531 1068 1572 re),
1093 1530 1137 1561 et
1157 1528 1268 1569 rapit
1289 1552 1298 1561 .
1322 1553 1330 1561 .
1354 1554 1362 1561 .
1378 1530 1546 1573 Et—que
1555 1531 1645 1563 nihil
1656 1531 1724 1563 ha·-

992 1586 1054 1618 bet
1083 1585 1264 1633 insolens,
1290 1593 1409 1627 neque
1437 1595 1529 1620 vero
1558 1585 1653 1618 illud
1691 1584 1732 1616 et

991 1643 1151 1673 secundo
1174 1641 1260 1674 loco
1282 1643 1448 1682 positum.
1502 1644 1606 1675 Pont.
1635 1643 1668 1684 1,
1691 1641 1730 1683 4,

992 1697 1045 1729 10.
1092 1697 1196 1730 Conf.
1219 1697 1294 1728 not.
1317 1698 1363 1729 ad
1386 1698 1494 1731 Trist.
1516 1698 1587 1740 IV,
1611 1697 1646 1740 1,
1670 1696 1725 1729 ⁷4.

990 1752 1134 1784 Pirckh.
1163 1752 1203 1783 et
1223 1751 1303 1784 Rol.
1330 1759 1579 1796 quaecunque.
1625 1751 1721 1786 Busl.

988 1806 1220 1849 fortunaque
1243 1806 1399 1848 rumpit.
1444 1809 1500 1841 De
1517 1808 1725 1841 cens-avie.

990 1863 1066 1894 not.
1089 1863 1134 1893 ad
1156 1862 1226 1903 IV,
1251 1863 1287 1905 5,
1312 1863 1343 1894 7.
1629 1873 1631 1876 ⁴

1035 1927 1088 1960 42.
1123 1927 1218 1959 Irus
1254 1927 1291 1960 et
1330 1927 1389 1959 est
1414 1927 1547 1960 subito.
1603 1929 1725 1963 Berol.

990 1982 1104 2015 cirus.
1150 1985 1228 2016 Put.
1252 1991 1338 2015 esus
1361 1983 1408 2016 et.
1453 1984 1583 2016 Dresd.
1607 1984 1726 2025 hyrus

990 2038 1065 2071 erit
1087 2038 1220 2071 subito.
1265 2040 1354 2080 Reg.
1372 2036 1421 2080 fit
1441 2039 1568 2071 cenius
1589 2039 1721 2072 subito.

988 2096 1068 2127 Rel.
1094 2097 1131 2127 et
1154 2096 1191 2126 ΙΙ
1209 2094 1336 2126 Heius.
1356 2091 1405 2135 fit
1424 2093 1547 2126 subito
1560 2102 1723 2135 pauper.

988 2152 1061 2183 V11
1073 2150 1194 2182 Heius.
1205 2147 1253 2190 fit
1261 2148 1423 2190 qracilis
1434 2142 1567 2181 subito.
1614 2151 1721 2184 Crev.

988 2214 1122 2247 eyenus
1146 2205 1203 2236 est
1223 2204 1301 2236 sub.
1345 2203 1440 2238 Mori
1463 2204 1518 2237 sic
1550 2204 1671 2238 tenuis
1692 2214 1724 2238 ε.

987 2261 1049 2304 qui
1073 2270 1118 2293 m.
1143 2268 1294 2292 cre-esus
1317 2260 1413 2292 erat.
1465 2262 1560 2305 Put.,
1588 2262 1720 2295 Franc.

987 2326 1010 2349 a
1052 2316 1082 2349 1.
1117 2326 1162 2348 m.
1196 2323 1368 2357 yrassus.
1429 2316 1526 2348 Busl.
1543 2306 1720 2359 ¹,qt-ausus.

989 2373 1096 2406 Crev.
1121 2371 1294 2404 Crassus.
1340 2372 1425 2404 Vat.
1449 2372 1479 2405 1.
1502 2371 1635 2415 Cyrus.
1728 2414 1730 2417 Υ

1033 2427 1126 2459 Irus
1148 2427 1309 2459 famosus
1332 2427 1396 2459 ille
1419 2426 1604 2459 mendicus
1619 2426 1722 2459 stha-

990 2483 1107 2516 censis
1130 2483 1224 2523 apud
1249 2483 1351 2515 Hom.
1383 2482 1446 2516 Od.
1479 2483 1629 2526 XVIII„
1654 2490 1719 2514 cu-

986 2538 1042 2570 ius
1070 2540 1268 2579 paupertas
1298 2538 1335 2570 in
1364 2537 1599 2580 proverbium
1621 2528 1720 2570 nb'iit.

987 2592 1147 2626 Croesus
1172 2594 1365 2626 ditissimus
1388 2594 1451 2626 ille
1473 2600 1541 2625 rex
1560 2591 1719 2633 Lydiae,

986 2649 1132 2681 Solonis
1156 2649 1333 2692 aequalis,
1358 2650 1459 2681 cuius
1480 2655 1567 2690 opes
1591 2655 1636 2679 uc
1653 2646 1717 2678 'di-

984 2703 1097 2735 vitiae
1118 2704 1204 2736 item
1227 2705 1263 2737 in
1286 2697 1519 2746 proverbium
1538 2703 1716 2736 abierunt.

984 2759 1116 2792 Miram
1138 2759 1241 2791 huius
1263 2761 1362 2802 regis
1384 2760 1567 2792 fortunam
1587 2759 1717 2794 nari-at
1772 2789 1784 2796 ,

984 2817 1149 2848 Herodot
1171 2816 1215 2858 1.,
1237 2815 1330 2847 Plut.
1357 2814 1394 2847 iu
1417 2814 1566 2848 Solone.
1610 2815 1713 2847 Pont.

986 2873 1052 2913 IV,
1075 2873 1112 2913 3,
1132 2871 1185 2904 37.
