1846 3146
179 188 279 237 374

393 211 396 214 <
423 185 479 233 Ρ.
516 182 739 234 OVIDII
773 180 1090 233 NASONIS
1124 181 1466 232 TRISTIUM

181 309 290 360 Sed
323 309 476 372 magis
509 308 561 354 in
595 321 756 354 euram
789 307 946 354 nostri
980 303 1445 369 consurgetuendi‚

247 390 633 457 Exemplumque
668 389 782 437 mihi
812 390 1039 453 coniugis
1074 392 1181 436 esto
1219 387 1400 448 bonae3

181 476 532 538 Materiamque
567 475 662 521 tuis
694 476 882 522 tristem
915 472 1177 521 virtutibus
1210 469 1384 536 imple:

254 556 426 606 Ardua
458 572 548 622 per
580 572 818 622 praeceps
854 556 1015 621 gloria
1048 554 1189 604 vadit
1221 555 1327 602 iter.

184 641 405 691 Hectora
440 642 546 704 quis
580 645 764 700 nosset,
801 642 844 688 si
876 639 1004 688 felix
1035 638 1190 686 Troia
1222 633 1432 685 fuisset?
1648 634 1714 684 ⁷5

250 724 460 773 Publica
493 724 690 771 virtutis
724 738 815 788 per
848 723 974 771 mala
1007 721 1141 770 faeta
1173 722 1258 770 via
1292 724 1382 768 est.

185 809 288 857 Ars
322 812 420 867 tua,
457 806 640 872 Tiphy,
675 808 820 867 iacet,
867 808 912 855 si
954 820 1053 854 non
1087 806 1152 852 sit
1183 806 1234 852 in
1268 815 1482 867 aequore
1517 800 1714 861 fluctum

251 890 311 940 Si
346 890 547 939 valeant
579 889 814 950 homines,
850 906 930 938 ars
964 894 1062 949 tua,
1097 886 1314 947 Phoebe,
1349 887 1492 934 iacet.

232 1044 286 1075 71.
320 1040 463 1073 Curam
492 1040 630 1074 nostri.
687 1040 803 1081 Gall„
841 1040 922 1072 for-

190 1100 289 1131 tasse
319 1098 441 1138 Bern„
473 1100 510 1129 et
548 1099 636 1128 vett.
668 1097 746 1127 edd.
772 1098 922 1136 praeter

187 1155 325 1187 Bonon.
338 1152 462 1184 nostri
474 1160 619 1184 curam.
642 1150 786 1190 Reliqui
801 1150 921 1191 codd„

189 1211 296 1243 etiam
331 1209 448 1241 nostri
482 1216 633 1250 omnes,

188 1268 296 1300 Serv.
330 1272 427 1297 cura
455 1263 591 1296 nostri.

189 1318 466 1353 bonae-mihi.

654 1264 701 1295 V.
727 1262 781 1294 72.
814 1263 921 1294 Bern.

234 1401 288 1432 73.
321 1397 602 1438 Materiamque
614 1412 659 1419 ——
678 1394 827 1427 tristem
848 1393 923 1425 im-

187 1457 263 1498 ple,
283 1457 316 1487 h.
328 1463 358 1486 e.
375 1455 516 1486 tristem
531 1452 772 1485 conditionem
793 1451 924 1482 defun-

189 1520 294 1553 gere,
306 1510 518 1550 metaphora
540 1510 658 1541 sumta
680 1516 704 1539 a
720 1514 819 1539 vase.
848 1507 925 1539 Ea·-

192 1569 270 1599 dem
305 1566 424 1598 oratio
456 1567 578 1598 exstat
608 1565 695 1596 Her.
719 1563 834 1603 V111,
870 1561 924 1593 53.

192 1626 297 1659 conf.
319 1624 425 1670 Virg.
447 1624 538 1655 Aen.
563 1621 596 1662 1,
622 1619 698 1651 716.

237 1703 290 1736 ⁷4.
329 1700 456 1734 Vadit.
517 1698 647 1732 Scribo
687 1694 807 1728 vadat
846 1703 927 1727 eum

192 1762 268 1793 Iun.
294 1761 331 1791 et
355 1759 410 1790 ed.
434 1765 508 1798 pr.;
543 1755 613 1786 nisi
637 1752 770 1785 tendat
790 1751 926 1783 mavis:

194 1824 274 1846 nam
290 1815 325 1845 in
339 1813 452 1845 tribus
465 1810 578 1848 (Busl.
592 1811 628 1841 et
652 1811 687 1841 ΙΙ
698 1808 780 1840 aliis
791 1807 928 1847 Heius„

193 1871 300 1902 etiam
326 1870 452 1904 Crev.)
478 1865 608 1898 tendit.
656 1865 804 1896 HEINS.
851 1864 929 1894 Ha-

194 1927 317 1958 bemus
348 1925 478 1956 iterum
517 1921 783 1953 coniunctivum
816 1918 930 1951 Hein-

194 1983 346 2015 sianum.
391 1979 474 2011 Vid.
498 1978 543 2008 ad
567 1978 633 2017 ΠΙ,
648 1977 683 2017 3,
701 1977 732 2006 5.
778 1972 931 2005 Rescri-

145 2035 147 2037 ’
196 2037 252 2079 psi
275 2034 392 2067 vadit.
449 2033 539 2066 Nam
564 2030 746 2063 sententia
769 2037 840 2060 non
862 2028 931 2059 im-

197 2095 304 2135 perat
334 2093 397 2123 aut
428 2089 613 2128 admonet,
647 2087 711 2117 sed
738 2086 794 2115 est
816 2090 930 2123 gene-

197 2150 305 2183 ralis:
329 2144 531 2179 materiam
546 2143 691 2175 tristem
705 2139 930 2182 defunyere:

197 2206 316 2244 (nam)
345 2203 474 2234 ardna
502 2199 631 2242 9loria
650 2205 723 2239 per
743 2200 932 2236 praeceps

195 2260 273 2293 iter
296 2258 439 2290 vadere
455 2256 562 2287 solet.
607 2255 737 2295 Aptius
756 2252 810 2283 sic
823 2249 931 2282 etiam

198 2316 377 2357 sequitur:
412 2312 581 2344 Hectora
611 2313 678 2348 (sc.
709 2306 820 2342 enim)
850 2301 932 2345 quis

198 2370 335 2404 nosset.
360 2393 367 2401 .
412 2369 491 2401 Nec
513 2368 689 2399 abhorret
703 2372 748 2397 ea
771 2362 891 2395 oratio
910 2367 934 2392 a

200 2425 464 2460 consuetudine
492 2423 660 2456 Nasonis.
713 2419 816 2455 Couf.
846 2418 932 2449 Her.

200 2484 252 2525 V,
277 2482 372 2524 144„
403 2481 474 2522 IV,
498 2479 572 2522 34„
603 2478 706 2518 XIV,
739 2475 790 2508 14.
815 2474 934 2513 ibique

201 2540 276 2570 not.
302 2554 344 2558 —
367 2538 414 2569 V.
438 2537 492 2568 75.
525 2535 601 2568 Pal.
627 2534 674 2575 1.,
695 2533 774 2564 Put.
787 2531 823 2561 et
840 2528 934 2561 vm

202 2595 282 2626 fere
307 2593 370 2625 alii
394 2593 513 2624 Heius.
543 2589 642 2634 felix
670 2587 713 2620 si.
768 2589 875 2619 Bern.
898 2585 935 2615 et

203 2651 286 2690 ch.
310 2648 493 2680 maneret.

247 2728 301 2759 76.
331 2725 508 2758 Virtutis.
562 2721 705 2755 Virtuti
722 2722 859 2754 rectius
876 2721 934 2752 le·

203 2791 270 2824 gas
295 2790 374 2814 cum
399 2789 470 2813 uno
494 2781 577 2812 Vat.
619 2779 766 2810 Hiems.
810 2777 935 2810 Resti-

207 2839 375 2871 tuendum
398 2835 563 2867 virtutis.
605 2833 713 2875 „Per
736 2833 842 2866 mala
861 2841 937 2874 pu-

205 2893 305 2925 blica
329 2892 487 2934 (patriae
510 2893 624 2926 suae]
647 2890 712 2921 via
740 2887 866 2921 laudis
889 2895 938 2919 ac

675 1210 715 1239 ut
750 1206 920 1245 dedimus.
943 1242 946 1246 .

989 1037 1147 1071 virtutis
1172 1037 1284 1080 facta
1312 1036 1389 1078 est,
1418 1035 1512 1068 viam
1543 1034 1611 1067 sibi
1638 1035 1718 1067 vir-

990 1094 1077 1126 tutis
1101 1101 1145 1125 ae
1167 1092 1285 1124 laudis
1307 1089 1494 1132 aperuit.“
1549 1091 1655 1125 conf.
1682 1101 1717 1124 v.

989 1149 1043 1182 81.
1078 1150 1132 1181 De
1147 1147 1259 1189 faeta
1275 1146 1340 1179 via
1362 1147 1418 1179 est
1441 1148 1537 1180 conf.
1560 1149 1592 1189 1,
1616 1149 1651 1190 3,
1663 1148 1718 1180 83.

1032 1215 1086 1247 78.
1109 1214 1229 1246 Iacet.
1274 1214 1403 1246 Scribe
1417 1214 1527 1245 vacet
1544 1214 1613 1246 hoo
1630 1221 1720 1246 ver-

988 1279 1046 1313 su,
1070 1272 1107 1302 et
1128 1271 1294 1310 sequenti
1316 1277 1429 1301 versu
1454 1277 1534 1302 cum
1558 1268 1658 1301 Gott.
1682 1269 1721 1300 et

989 1327 1080 1358 vett.
1103 1326 1182 1356 edd.
1226 1326 1336 1367 Vulg.
1366 1324 1476 1357 iacet.
1526 1324 1645 1356 Vacet
1666 1326 1723 1356 est

989 1381 1087 1413 iners
1111 1383 1148 1414 et
1171 1382 1290 1414 otiosa
1312 1382 1374 1423 sit,
1386 1381 1437 1413 nil
1459 1382 1603 1421 haheat,
1625 1380 1723 1420 quod

991 1438 1078 1477 agat
1108 1439 1170 1468 aut
1199 1447 1268 1479 quo
1306 1440 1517 1478 occupetur.
1575 1434 1723 1467 mes.

991 1494 1070 1535 Ego
1095 1495 1215 1526 tamen
1240 1497 1370 1526 contra
1403 1494 1507 1525 codd.
1530 1491 1584 1523 nil
1604 1492 1723 1522 muta-

990 1549 1043 1591 vi,
1068 1558 1147 1581 cum
1181 1549 1372 1590 eleganter
1394 1548 1521 1580 iacere
1544 1547 1726 1588 dicantur,

993 1613 1085 1646 quae
1106 1605 1342 1646 negliguntur
1364 1612 1431 1636 nec
1451 1604 1648 1635 ereduntur
1662 1609 1724 1633 es-

991 1669 1032 1693 se
1055 1660 1158 1693 utilia
1181 1662 1244 1692 aut
1262 1659 1482 1692 necessaria.
1524 1659 1655 1691 senec.
1679 1658 1724 1689 de

992 1718 1115 1749 Benef.
1137 1717 1202 1749 VI.
1228 1723 1258 1747 c.
1282 1714 1334 1747 38.
1357 1713 1495 1746 iacebit
1518 1721 1637 1754 opera
1657 1711 1725 1755 fa-

995 1772 1118 1806 brilis.
1178 1771 1318 1805 BURM.
1375 1770 1505 1802 senec.
1535 1776 1591 1809 ep.
1621 1768 1653 1799 9.
1682 1767 1728 1799 ut

995 1828 1175 1862 exerceat
1194 1825 1421 1867 amicitiam,
1443 1833 1489 1856 ne
1512 1820 1727 1855 tantsvir-

997 1885 1058 1916 tus
1080 1883 1216 1916 iaceat.
1267 1883 1314 1914 V.
1339 1882 1391 1914 78.
1414 1879 1539 1917 vacat.
1583 1878 1660 1911 Pal.
1681 1877 1726 1919 1.,

996 1941 1066 1974 XV
1087 1940 1151 1972 alii
1173 1939 1295 1971 Heius.
1319 1940 1356 1970 et
1380 1936 1509 1979 Crev.,
1542 1936 1636 1976 quod
1657 1942 1727 1966 nu-

997 2004 1065 2036 per
1100 1994 1198 2026 dedit
1235 1992 1394 2026 Merkel.
1453 1992 1526 2023 Sed
1555 1988 1727 2029 repetitio

998 2051 1102 2082 verbi
1125 2049 1226 2081 iacet
1244 2050 1393 2088 praeter
1410 2046 1579 2078 malorem
1595 2046 1727 2084 aueto-

998 2107 1143 2138 ritatem
1162 2104 1325 2136 codicum
1349 2101 1455 2134 etiam
1481 2100 1730 2133 concinnitate

999 2160 1207 2194 confirmari
1230 2159 1384 2190 videtur.
1429 2159 1509 2190 Art.
1534 2158 1576 2189 A.
1599 2158 1632 2198 1,
1652 2151 1735 2188 191.

1064 2222 1216 2258 Auspiciis
1235 2222 1402 2258 animisque
1420 2221 1525 2257 patris,
1542 2228 1628 2257 puer,
1646 2228 1730 2249 arma

1396 2266 1548 2301 movebis3

1115 2312 1155 2340 Et
1179 2313 1284 2340 vinces
1307 2311 1416 2340 animis
1441 2311 1644 2348 auspiciisque
1671 2317 1728 2345 pa-

1400 2355 1466 2385 tris.

1003 2398 1125 2429 Amor.
1151 2395 1182 2436 1,
1206 2394 1241 2436 9,
1266 2394 1296 2425 1.

1067 2468 1179 2497 Militat
1205 2468 1300 2497 omnis
1324 2474 1428 2496 amans
1451 2469 1482 2494 et
1498 2467 1589 2494 habet
1605 2473 1660 2494 sua
1678 2473 1730 2494 ca-

1259 2519 1261 2521 ’
1400 2515 1463 2540 stra
1481 2511 1611 2546 Cupid03
1639 2519 1645 2524 ·

1119 2558 1238 2592 Attice,
1264 2559 1353 2587 crede
1378 2557 1463 2590 mihi,
1498 2555 1608 2584 militat
1636 2555 1732 2584 omnis

1004 2642 1102 2674 Fast.
1125 2642 1176 2682 11,
1200 2641 1276 2672 235.
1400 2607 1513 2630 ‘mm'

1068 2714 1135 2742 Una
1153 2713 1218 2742 dies
1236 2713 1346 2742 Fabios
1364 2713 1402 2742 nd
1421 2712 1533 2741 bellum
1555 2711 1680 2738 miserat
1697 2717 1732 2738 o-

1124 2803 1171 2831 Ad
1205 2799 1316 2831 heu'um
1348 2764 1637 2836 'miffs'ff’pmmn
1672 2805 1731 2826 una

1403 2845 1477 2873 dies.

1005 2885 1150 2919 Remed.
1173 2894 1208 2915 v.
1235 2883 1310 2916 385.
