1846 3146
655 179 1071 231 PRAEFATIO.
1502 193 1613 225 xvu

0 351 2 355 ,
100 268 424 353 Ρ3ῐίεὶ1ἑιιεθιιι
451 302 802 351 Barbavianam
835 303 945 350 anni
981 300 1113 350 1762
1139 302 1264 348 teste
1294 298 1481 348 Eberto
1516 298 1614 346 lex.

100 386 326 450 bibliogr.
360 403 405 434 n.
438 385 626 445 15377,
680 403 817 450 quam
858 390 1027 434 servat
1070 382 1368 432 bibliotheca
1418 381 1615 430 Beroli-

99 471 263 517 nensis
297 468 386 517 sub
419 485 464 516 n.
500 468 545 516 8.
580 467 854 516 2719-21,
889 467 934 515 b.
970 467 1032 515 D.
1101 466 1192 526 44)
1216 465 1479 523 Puteanus,
1507 466 1617 512 sive

99 550 299 599 fratrum
316 550 382 598 du
398 551 524 616 Puy,
561 565 696 614 quem
715 550 948 598 Heinsius
966 551 1014 596 in
1031 547 1229 596 schedis
1248 547 1458 612 exempli
1478 548 1616 612 primi

4 663 18 680 x
101 632 331 682 editionis
372 632 551 681 Elzev.
588 631 718 680 1629
755 631 1003 691 (biblioth.
1036 631 1202 681 Berol.
1247 630 1292 678 b.
1328 630 1390 677 D.
1424 646 1534 676 mss.
1569 629 1613 676 4.

3 763 7 767 ,
101 714 272 776 1070.)
307 714 396 763 sub
428 714 499 762 lit.
533 715 590 762 B.
625 717 759 774 satis,
791 721 843 762 ut
876 718 1091 778 apparet,
1127 712 1361 776 religiose
1390 711 1618 760 collatum

52 786 55 789 ¹
99 801 211 846 ante
242 794 429 846 CCCC
459 813 610 845 annos
629 798 855 862 scriptum
886 795 1137 844 indicavit.
1170 796 1227 843 In
1256 795 1484 858 catalogo
1501 794 1617 842 bibl.

99 881 268 943 regiae
309 879 473 927 Paris.»
501 880 632 928 1744
665 880 817 944 partis
851 877 896 925 3.
932 883 1043 926 tom.
1078 878 1123 926 4.
1158 895 1202 926 n.
1237 877 1382 926 8239.
1416 880 1484 925 ita
1526 878 1616 927 de-

0 982 9 989 ·
47 1016 51 1019 ⁴
98 961 349 1010 scribitur:
388 959 507 1011 Cod.
542 962 943 1009 membranaceus
977 963 1092 1010 olim
1124 960 1391 1009 Puteanus
1424 959 1617 1010 Fasto-

3 1047 7 1071 ’·
96 1060 238 1104 rum,
277 1042 522 1092 Tri-stium
533 1079 551 1102 ,
585 1044 942 1102 Ponticorum,
978 1060 1108 1094 saec.
1142 1043 1304 1092 XIII.
1383 1044 1476 1103 452)
1512 1044 1618 1092 Re-

96 1127 223 1190 gius,
256 1124 494 1185 Gallicus,
531 1142 668 1190 quem
701 1127 934 1175 Heinsius
968 1130 1016 1175 iu
1052 1127 1319 1192 exemplari
1340 1128 1494 1191 primo
1527 1127 1617 1174 sub

98 1206 194 1256 litt.
211 1207 277 1256 A.
308 1207 555 1268 [biblioth.
575 1208 770 1269 Bet-ol.)
791 1209 1019 1258 collatum
1053 1212 1122 1258 ita
1149 1208 1408 1257 describit:
1443 1225 1619 1258 recen-

100 1292 222 1338 tiori
254 1306 404 1338 manu
438 1296 489 1338 et
519 1291 748 1339 mendose
781 1294 1005 1355 script-us
1038 1298 1156 1340 ante
1189 1308 1350 1340 annos
1379 1290 1531 1351 CCC,
1565 1296 1620 1342 in

100 1387 197 1437 quo
229 1373 413 1421 lamna
447 1379 564 1421 erat
593 1389 626 1420 a
660 1374 740 1421 lib.
776 1373 818 1421 I.
855 1376 973 1438 eleg.
1008 1376 1060 1422 8.
1095 1391 1254 1440 usque
1293 1375 1363 1424 ad
1395 1377 1475 1424 lib.
1512 1376 1618 1424 III.

91 1455 218 1517 eloy.
252 1454 299 1504 1.
365 1454 422 1502 In
458 1455 685 1520 catalogo
709 1456 822 1504 bibl.
845 1472 946 1520 reg.
969 1456 1126 1505 Paris.
1146 1464 1228 1506 aut
1261 1459 1350 1506 sub
1387 1475 1433 1506 n.
1468 1458 1615 1517 7993,

102 1541 185 1584 aut
203 1535 308 1590 ,sub
341 1535 473 1585 8254
506 1538 895 1587 membranaceus
931 1545 980 1588 et
1014 1555 1111 1588 uuo
1144 1540 1344 1588 saeculo
1378 1537 1620 1604 antiquior

98 1617 355 1667 inducitur.
421 1619 513 1680 46)
550 1620 890 1684 Fragmentum
925 1622 1093 1670 Iacobi
1126 1623 1303 1682 Revii‚
1340 1622 1471 1686 quod
1506 1623 1620 1671 olim

98 1699 234 1748 Petri
275 1699 498 1750 Danielis
532 1702 726 1751 Aurelii
762 1703 878 1764 fuit,
914 1704 1087 1752 librum
1121 1707 1319 1770 primum
1353 1708 1620 1754 continens

0 1790 6 1831 ,ξ
32 1783 35 1786 ’
99 1780 357 1830 Vetustum
373 1782 469 1831 hoc
488 1783 606 1832 dicit
628 1785 692 1832 N.
711 1785 944 1834 Heinsius
975 1789 1024 1834 in
1058 1786 1283 1852 exemplo
1305 1790 1449 1836 tertio
1472 1788 1618 1848 [bibl.

0 1850 15 1897 ἶ·
101 1863 267 1912 Berol.
301 1863 348 1912 b.
379 1865 443 1913 D.
478 1883 587 1914 mss.
623 1867 668 1914 4.
702 1884 747 1914 11.
781 1868 967 1929 1076),
1005 1871 1083 1933 qui
1116 1868 1243 1917 illud
1276 1869 1351 1918 bis
1387 1869 1618 1919 collatum

0 1978 21 2010 ;.‘
102 1945 312 2010 reliquit.
393 1948 487 2008 47)
531 1948 873 2009 Richelianus‚
922 1948 1147 1998 Gallicus
1165 1986 1178 2010 ‚
1229 1954 1309 2016 qui
1355 1967 1466 1999 raro
1510 1951 1619 2000 1311-

3 2021 6 2023 *
103 2027 257 2076 datur.
343 2029 436 2092 48)
478 2029 728 2095 Scaligeri
764 2031 949 2091 codex,
987 2035 1066 2096 qui
1102 2033 1177 2081 bis
1212 2039 1390 2082 tantum
1432 2036 1619 2083 citatur.

9 2132 14 2141 ¹
102 2110 195 2171 49)
229 2109 519 2172 Servianus‚
553 2115 661 2161 sive
694 2113 831 2161 Petri
866 2117 1035 2174 servii,
1070 2115 1243 2164 medici
1267 2117 1502 2177 Romani,
1538 2120 1617 2182 qui

0 2222 6 2262 s
101 2207 209 2243 eum
234 2192 440 2243 Heinsio
463 2194 592 2244 dono
620 2195 837 2245 dederat.
895 2195 1122 2246 Collatus
1149 2199 1199 2245 in
1225 2200 1491 2265 exemplari
1516 2202 1619 2266 pri-

0 2260 13 2340 [4
102 2290 178 2323 mo
211 2267 300 2326 sub
333 2277 425 2325 litt.
458 2277 518 2326 F.
552 2277 668 2326 bibl.
702 2278 867 2327 nemi
902 2280 947 2329 h.
983 2281 1045 2328 D.
1114 2280 1207 2340 50)
1233 2278 1404 2330 caroli
1438 2281 1619 2332 Stroz-

102 2372 220 2418 zae,
265 2357 427 2407 codex
460 2359 627 2407 Italus.
708 2361 800 2422 51)
836 2348 1098 2411 Thuaneus
1114 2398 1127 2423 ‚
1148 2365 1272 2413 'sive
1307 2365 1475 2413 Iacobi
1508 2366 1620 2414 Au-

0 2426 15 2494 ζ
104 2442 236 2503 gusti
268 2440 484 2500 Τὴ113111,
521 2445 707 2491 comitis
742 2444 949 2504 Melaei,
984 2446 1228 2494 rarissime
1263 2448 1450 2495 citatus.
1526 2449 1619 2506 52]

0 2510 25 2645 ξ

102 2519 440 2587 Fragmentum
473 2522 727 2584 Vaticani,
772 2526 846 2574 bis
895 2533 1072 2575 tantum
1107 2529 1168 2577 ab
1204 2529 1410 2578 Heinsio
1445 2530 1618 2579 lauda-

103 2607 212 2651 tum.
280 2603 372 2666 53)
407 2604 657 2671 Excerpta
690 2609 848 2657 Isaaci
884 2609 1054 2657 Vossii
1101 2625 1166 2658 ex
1207 2613 1384 2675 insigni
1429 2611 1618 2668 codice,

107 2700 230 2748 quae
246 2686 306 2735 ab
324 2686 529 2736 Heinsio
552 2688 784 2738 mendose
812 2690 1059 2756 descripta
1088 2699 1283 2741 exstant
1310 2695 1357 2740 in
1380 2694 1496 2742 bibl.
1516 2696 1618 2744 Be-

106 2766 195 2815 rol.
212 2767 257 2816 b.
275 2768 338 2836 D.
358 2786 468 2818 mss.
485 2769 596 2818 148.
615 2786 658 2819 e.
726 2772 818 2832 54]
847 2773 1258 2835 Zulichemianus,
1294 2783 1346 2823 ut
1373 2776 1433 2824 ab
1460 2777 1618 2824 Hein-

1296 2857 1354 2886 *e*
