1846 3146
759 520 1141 607 INDEX

188 683 640 745 RERUM
729 684 881 745 ΕΤ

981 686 1712 767 ΨΕΒΒΩΒΠΜ,

319 813 478 866 QUAE
526 813 591 853 IN
640 810 1097 859 coMMENTAlms
1151 785 1587 862 EXPLICANTUR.

184 1087 228 1129 A,
252 1087 300 1120 ab
322 1095 391 1129 pro
417 1086 500 1128 post
521 1092 604 1127 pag.
627 1085 681 1117 65.
702 1085 913 1126 430.—-pro

227 1152 273 1176 ex
296 1153 330 1183 p.
353 1143 407 1173 72.
430 1157 472 1163 —
487 1149 555 1182 pro
570 1142 723 1182 propter
738 1141 813 1173 369.
837 1141 913 1173 384.

229 1217 269 1222 --
291 1195 487 1240 singularis
510 1196 612 1228 huius
633 1196 913 1237 praepositionis

225 1252 516 1295 imprimisqapud
530 1252 712 1284 Nasonem
727 1261 813 1284 usus
833 1260 914 1285 cum

225 1309 417 1344 adiectivis
447 1309 486 1353 et
507 1304 637 1340 'verbis
665 1307 741 1340 211.
770 1307 847 1340 415.

180 1376 206 1399 a
228 1363 435 1406 imperativi
458 1363 669 1411 corripitur.

180 1421 347 1455 abiectus
369 1427 453 1460 pag.
475 1417 553 1450 491.

178 1477 286 1511 abire
307 1475 347 1508 in
372 1473 503 1506 ventos
526 1475 564 1505 et
577 1472 708 1506 slmilia
729 1482 812 1516 pag.
834 1474 910 1508 105.

178 1534 251 1567 abl.
273 1530 462 1564 absolutus
484 1529 563 1561 sine
586 1528 731 1562 nomine
760 1532 798 1562 et
820 1539 910 1571 pro-

222 1587 366 1621 nomine
388 1584 467 1617 279.

178 1638 826 1682 absinthium,ubipraestantissimum
834 1637 911 1670 519.

179 1699 377 1732 absumere
395 1696 540 1735 tempus
558 1695 634 1727 429.
669 1694 774 1728 Conf.
786 1703 821 1735 p.
833 1693 910 1726 520.

178 1755 361 1796 Absyrtus
385 1751 461 1783 191.
483 1750 683 1783 298-302.

178 1811 330 1852 Abydos
354 1807 429 1840 124.

175 1863 410 1898 accusativus
434 1861 655 1903 pronominis
687 1860 726 1893 in
754 1867 910 1892 accusa-

219 1921 296 1952 tivo
322 1925 401 1950 cum
424 1917 548 1949 infinit.
573 1916 750 1949 omittitur
773 1916 851 1948 273.

176 1973 338 2007 Achilles
368 1980 391 2003 a
419 1974 537 2004 matre
568 1965 805 2005 absconditur
835 1971 910 2003 196.

220 2027 393 2060 maximus
424 2027 496 2058 dux
524 2026 562 2058 in
595 2027 760 2059 exercitu
790 2028 910 2059 Grae-

220 2092 357 2117 corum.
380 2082 458 2114 275.
481 2081 555 2114 112.
586 2081 631 2105 ’-
659 2083 814 2115 Achillis
841 2090 910 2123 pa-

220 2140 293 2174 tria
315 2139 391 2172 369.
422 2154 466 2159 -
499 2136 610 2181 filius,
639 2138 803 2178 Pyrrhus
833 2137 909 2169 196.

218 2196 371 2237 amicus,
393 2193 587 2226 Patroclus
610 2192 684 2224 112.
698 2208 741 2214 —-
756 2190 909 2224 Achillis

217 2252 276 2284 ira
298 2251 335 2282 in
347 2251 654 2290 Agamemnonem
677 2247 752 2279 341.
775 2247 851 2279 190.
867 2263 909 2269 ·—

218 2305 371 2339 Achillis
394 2306 483 2346 lyra
505 2304 580 2337 341.
600 2321 641 2327 —-
659 2303 820 2337 Achilles
843 2311 908 2335 ca-

217 2361 337 2393 nendo
358 2361 497 2401 tempus
514 2361 613 2393 fallit
631 2359 708 2393 341.
722 2374 767 2380 -—-
780 2357 907 2390 Achil-

216 2416 272 2449 les
295 2414 440 2447 Priamo
465 2415 636 2448 Hector1s
660 2422 794 2455 corpus
819 2414 906 2446 red-

217 2472 270 2503 dit
291 2471 369 2502 275.
392 2487 437 2492 —-
458 2469 629 2503 Achilleo
646 2477 752 2502 more
773 2469 906 2501 vulne-

215 2536 267 2559 ra
288 2534 430 2559 sanare
454 2526 508 2557 39.

172 2582 350 2617 Acontius
373 2583 410 2614 et
432 2580 598 2624 Cydippe
621 2581 697 2615 310.

172 2640 341 2672 Actaeon
364 2636 441 2668 151.

173 2696 291 2726 Actor
314 2692 388 2724 122.
410 2706 455 2716 ·—-
478 2691 689 2734 Actorides,
713 2693 904 2726 Patroclus

217 2748 292 2780 112.

173 2811 323 2835 acumen
347 2804 401 2835 76.
426 2802 500 2835 130.
523 2802 599 2835 319.
623 2802 701 2835 494.
728 2803 803 2834 505.

171 2859 332 2891 adamas
355 2859 430 2891 393.
454 2858 530 2890 407.

981 1087 1210 1128 adapertilis
1230 1097 1313 1132 pag.
1330 1087 1405 1123 316.
1439 1088 1544 1123 Conf.
1560 1089 1614 1123 84.
1633 1090 1708 1123 389.
1730 1113 1732 1115 ι

981 1143 1167 1176 adductus
1189 1144 1266 1177 354.

981 1199 1075 1230 adeo
1097 1200 1174 1232 243.
1198 1199 1273 1232 281.

980 1253 1161 1287 adiectiva
1183 1262 1206 1286 a
1225 1256 1373 1287 Nasone
1395 1256 1533 1288 novata
1555 1255 1631 1288 889.
1653 1254 1707 1288 84.

1023 1309 1099 1342 316.
1124 1327 1165 1332 -
1188 1310 1387 1352 anticipata
1409 1310 1484 1343 142.
1509 1326 1551 1332 -
1573 1318 1598 1342 a
1619 1318 1708 1351 per-

1021 1372 1114 1396 sona
1136 1366 1182 1397 ad
1206 1367 1373 1408 corporis
1393 1367 1533 1408 partem
1547 1365 1709 1398 transla-

1023 1420 1062 1451 ta
1085 1420 1162 1453 356.
1191 1437 1234 1443 -
1267 1429 1346 1454 cum
1378 1421 1504 1454 infinit.
1526 1422 1612 1454 loco
1638 1430 1706 1463 ge-

1022 1475 1142 1506 rundii
1164 1475 1240 1508 484.
1270 1493 1315 1500 —-
1344 1477 1525 1509 adiectiva
1552 1478 1623 1508 duo
1646 1474 1707 1508 uni

1021 1530 1156 1562 nomini
1176 1530 1298 1563 iuncta
1320 1531 1451 1564 129.-—
1466 1531 1648 1564 adiectiva
1669 1532 1707 1563 et

1021 1586 1196 1618 adverbia
1206 1586 1362 1627 repetita
1373 1587 1450 1619 479.
1474 1586 1549 1620 480.
1571 1602 1616 1610 ·-
1637 1587 1705 1619 ad-

1018 1640 1235 1674 iectivorum
1258 1642 1392 1684 positio
1416 1642 1491 1676 181.

977 1693 1138 1735 adipisci
1162 1696 1237 1729 148.

976 1751 1149 1784 Admetus
1173 1752 1248 1784 195.
1270 1751 1348 1784 475.
1370 1751 1448 1784 527.

977 1804 1165 1838 admissus
1187 1814 1303 1848 equus
1325 1806 1403 1838 278.

976 1860 1148 1904 adspice,
1170 1862 1217 1894 ut
1238 1871 1318 1895 cum
1339 1860 1537 1894 indicativo
1557 1863 1595 1895 et
1615 1870 1707 1895 con-

1019 1914 1182 1950 iunctivo
1207 1918 1282 1951 109.
1305 1917 1381 1951 261.
1410 1917 1486 1950 471.
1511 1934 1553 1940 -
1573 1915 1707 1958 adspi-

1021 1980 1108 2004 cere
1131 1963 1258 2015 aliquo
1283 1973 1336 2006 64.

977 2026 1219 2069 adstrinyere
1239 2027 1316 2060 268.

976 2082 1142 2114 adurere
1163 2083 1240 2115 245.

976 2135 1129 2168 adversi
1152 2135 1192 2168 di
1214 2138 1252 2169 et
1274 2134 1403 2169 aversi
1426 2137 1479 2170 67.

974 2191 1139 2222 adversa
1158 2191 1292 2234 fronte
1311 2192 1365 2225 48.

974 2246 1177 2278 advertere
1199 2248 1324 2279 lumen
1347 2250 1385 2281 et
1406 2255 1542 2281 numen
1565 2248 1640 2282 167.

974 2301 1109 2334 Aeetes
1133 2303 1208 2335 303.

973 2357 1159 2398 Aegaeum
1182 2365 1284 2391 mare
1306 2357 1382 2391 130.

973 2413 1130 2454 Aegides
1153 2413 1230 2446 465.

972 2468 1166 2515 Aegisthus
1190 2469 1264 2501 192.
1305 2467 1390 2502 Vid.
1416 2467 1579 2500 Orestes.
1626 2499 1632 2504 ,

972 2524 1116 2555 Aeneas
1146 2523 1200 2556 44.
1233 2541 1278 2547 —-
1309 2526 1459 2558 Aeneae
1492 2525 1529 2555 et
1553 2521 1705 2555 Didonis

1015 2587 1118 2611 amor
1129 2579 1205 2612 223.
1240 2578 1451 2619 Aeneadae,
1462 2578 1614 2612 Romani
1627 2577 1703 2609 173.

1016 2633 1092 2666 174.
1115 2651 1159 2656 -
1181 2633 1395 2667 Aeneadum
1417 2634 1554 2675 mater,
1575 2634 1702 2666 Venus

1016 2688 1099 2721 ibid.
1126 2706 1166 2710 —
1192 2687 1408 2721 Aeneadum
1439 2692 1477 2722 et
1503 2687 1705 2721 Aeneada-

1015 2752 1102 2775 rum
1126 2744 1201 2776 174.

972 2801 1107 2832 Aeneis
1130 2798 1279 2840 Virgilii
1300 2799 1376 2831 223.

973 2855 1110 2888 Aeolus
1135 2855 1187 2887 78.
1207 2871 1251 2877 -
1273 2853 1418 2894 Aeolia,
1443 2852 1548 2885 uelle
1572 2851 1645 2884 121.
