1846 3146
125 2308 129 2311 ⁴
186 2290 320 2332 pedes,
353 2281 656 2330 δρακῠντόποδες.

169 209 268 261 400

372 221 377 226 “
411 206 468 256 Ρ.
504 203 728 255 OVIDII
761 198 1080 276 NASONIS
1115 196 1461 250 TRISTIUM

170 330 491 399 Sphingaque
515 301 584 377 =et
624 327 876 403 Harpyias
924 298 1395 390 serpentipedesque
1448 315 1644 383 Gigan-

1040 411 1116 454 tas
1133 440 1146 465 ,

241 495 670 559 Centimanumque
705 490 853 558 Gyan
884 487 1280 553 semibovemque
1311 487 1472 536 virum
1503 501 1598 532 --·2

221 682 275 715 17.
308 678 558 722 Sphinyaque.
633 677 772 720 Sphinx
805 684 910 709 mon-

177 739 292 770 strum
315 737 386 768 fuit
410 743 526 777 prope
550 734 707 775 Thebas,
738 734 847 774 caput
875 733 912 764 et

176 795 305 835 pectus
327 792 463 825 habens
494 790 661 832 virginis,
686 797 819 830 corpus
847 796 912 820 ca-

178 849 250 892 nis,
274 849 353 880 alas
376 848 471 890 avis,
494 853 631 887 ungues
653 843 793 885 leonis,
823 850 913 889 cau-

179 906 261 938 dam
285 903 467 937 draconis.
519 900 786 934 Accedentibus
809 898 913 930 aeni-
950 912 955 917 -

178 969 262 1002 gma
284 958 528 1002 proponebat,
548 955 641 997 quod
666 954 816 995 quinon
835 953 914 986 sol-

180 1016 302 1058 veret,
327 1013 609 1053 dilacerabatur.
656 1010 810 1051 Oedipus
834 1010 914 1042 sol—

180 1072 247 1106 vit.
293 1070 373 1114 Quo
395 1071 498 1102 facto
522 1066 660 1109 Sphinx
688 1072 729 1098 se
757 1067 800 1097 de
822 1073 914 1107 rupe

181 1127 444 1172 praecipitasse
485 1133 529 1157 ae
570 1122 722 1164 periisse
755 1121 913 1161 fingitur.

181 1183 354 1226 Apollod.
377 1182 442 1213 111.
465 1189 496 1213 c.
513 1182 544 1212 5.
562 1179 681 1219 ibique
693 1177 827 1218 neyn„
841 1177 914 1208 So-

181 1239 303 1282 phocl.
328 1220 531 1277 Oed.'1'yr.,
556 1232 704 1266 Hesiod.
720 1232 856 1272 Theog.
878 1240 914 1263 v.

163 1296 277 1337 ³26„
307 1295 404 1335 Hyg.
427 1290 530 1325 Poet.
564 1290 701 1320 astron.
733 1288 779 1319 11.
804 1294 836 1318 e.
861 1287 915 1318 35.

183 1347 392 1391 Harpyiae,
415 1347 579 1379 monstra
600 1342 766 1384 rapacia,
790 1341 916 1382 quibus

182 1406 304 1440 serior
318 1403 444 1437 fabula
457 1398 583 1434 tribuit
593 1397 746 1440 virginis
761 1397 916 1439 vultum,

183 1468 318 1501 corpus
353 1457 455 1499 avis,
494 1454 737 1488 foedissimam
774 1451 917 1484 ventris

182 1514 404 1557 proluviem,
428 1519 499 1552 qua
522 1509 642 1543 omnia
664 1508 857 1541 foedarent
879 1507 917 1541 et

182 1570 330 1602 foetore
352 1567 561 1608 implerent,
596 1571 709 1597 uncas
733 1570 857 1594 manus
879 1563 918 1593 et

183 1624 322 1667 pallida
343 1630 486 1664 semper
510 1626 588 1654 ora.
632 1618 917 1660 Virg.Aen.111.

147 1691 151 1694 ’
184 1679 263 1712 221.
287 1679 349 1711 ubi
380 1678 452 1711 vid.
475 1678 582 1710 Serv.
613 1676 650 1707 et
677 1673 811 1714 Heynii
839 1672 917 1705 Ex-

187 1743 282 1768 ours.
306 1735 405 1776 V11.,
426 1734 522 1775 Hyg.
546 1733 587 1765 F.
611 1730 680 1772 14.,
703 1727 873 1769 Apollod.
889 1727 917 1758 I.

186 1799 219 1824 c.
243 1791 274 1823 9.
297 1789 416 1830 ibique
440 1790 558 1829 neyn.
610 1786 698 1819 Vox
721 1783 919 1825 trisyllaba

187 1847 232 1879 de
254 1854 357 1878 more
380 1845 617 1877 Graecorum.
661 1839 917 1873 Vid.Forcell.

187 1901 313 1934 Lexic.
332 1901 395 1933 Sic
410 1899 534 1932 Latini
551 1898 658 1931 etiam
668 1891 822 1938 pituita,
830 1893 919 1936 for-

189 1955 317 1997 tuitus,
324 1953 517 1997 yratuitus
525 1953 657 1986 dicunt.
669 1951 753 1984 Vid.
765 1948 919 1982 Schmid.

187 2013 234 2044 ad
256 2012 345 2043 Hor.
368 2009 482 2050 Epist.
502 2010 534 2051 1,
554 2008 588 2049 1,
608 2008 682 2040 108.
730 2005 919 2046 quantes,

187 2065 334 2100 Tartari
356 2071 377 2096 e
399 2066 516 2097 Terra
538 2063 617 2105 filii,
643 2063 808 2094 monstra
829 2061 919 2092 hor-

187 2123 324 2164 renda,
363 2119 488 2161 quibus
521 2121 560 2151 ut
589 2119 645 2150 est
673 2117 710 2148 in
739 2117 836 2149 Fast.
867 2116 919 2156 V,

189 2180 258 2222 37„
280 2176 386 2209 mille
406 2181 559 2217 manus:
571 2173 608 2205 et
634 2180 708 2214 pro
742 2169 921 2203 cruribus

188 2242 341 2277 anyues,
359 2233 453 2265 unde
472 2227 765 2270 serpentipedes,
785 2224 920 2267 anqui-

717 2281 787 2324 Qui
816 2290 919 2323 quum

190 2348 318 2378 Iovem
341 2352 362 2376 e
398 2343 494 2376 coeli
520 2341 752 2384 possessione
780 2341 921 2373 vellent

191 2401 365 2442 deiicere,
385 2406 500 2440 eoque
514 2397 667 2431 consilio
679 2397 835 2437 Olympo
849 2395 921 2428 Os-

190 2465 282 2498 sam,
306 2456 420 2489 Ossae
442 2455 579 2487 Pelium
607 2453 876 2494 imposuissent,
898 2459 921 2483 a

189 2515 282 2545 Iove
322 2511 480 2543 fulminis
518 2509 593 2542 ictu
628 2507 794 2549 oppressi
828 2508 922 2539 sunt.

190 2569 286 2609 Iiyg.
309 2567 349 2599 F.
372 2567 419 2607 3.,
442 2565 612 2607 Apollod.
638 2565 666 2596 I.
694 2571 724 2595 c.
748 2563 780 2594 6.
803 2561 921 2602 ibique

189 2623 323 2663 neyn„
338 2621 484 2653 Metam.
507 2621 551 2662 1.,
575 2619 761 2652 claudian.
785 2617 922 2658 Gigan-

189 2677 344 2711 tomach.
410 2676 482 2707 Sed
516 2674 594 2715 quis
623 2673 813 2714 poetarum
843 2679 923 2703 eam

190 2733 352 2766 fabulam
375 2739 449 2764 non
465 2724 610 2770 tetigit?
633 2728 714 2761 Vid.
727 2729 774 2760 ad
784 2729 836 2769 11,
847 2727 922 2759 333.

189 2787 359 2823 Heinsius
389 2794 410 2818 e
440 2785 612 2818 Rottend.
635 2786 672 2816 et
698 2784 795 2816 Busl.
817 2782 923 2814 indu-

190 2844 244 2877 xit
266 2841 462 2884 quantas.
506 2841 585 2882 Ego
609 2839 730 2871 malim
756 2846 836 2872 cum
859 2845 922 2870 re-

190 2899 300 2941 liquis
323 2896 486 2931 omnibus
508 2894 612 2928 libris
635 2894 740 2927 editis
767 2895 804 2926 et
826 2893 922 2926 scri-

977 673 1049 715 ptis
1080 670 1260 713 Giyantes
1288 670 1326 702 et
1353 669 1387 701 11.
1413 667 1439 701 1.
1468 669 1507 701 et
1535 667 1591 710 11,
1619 666 1712 710 383„

979 736 1083 770 quum
1106 728 1286 760 Nasonem
1302 725 1464 757 Graecas
1485 723 1711 755 Graecorum

978 783 1158 816 nominum
1180 782 1317 813 formas
1345 788 1419 812 non
1451 778 1582 819 ubique
1603 785 1713 810 usur-

978 846 1087 882 passe
1109 839 1267 871 constet.

1023 906 1078 939 18.
1114 904 1234 946 Gyan.
1278 901 1404 945 Vulgo
1431 899 1570 944 ἔνθα.
1613 900 1712 935 Bott.

981 959 1101 1002 Gyan.
1157 960 1230 994 Alii
1258 959 1363 992 multi
1392 955 1523 999 Gyam.
1579 957 1658 990 Pal.
1680 955 1712 989 2.

981 1016 1102 1050 aiam.
1118 1056 1121 1057 ⁷
1143 1017 1225 1050 Vid.
1239 1015 1372 1048 Muret.
1384 1013 1474 1046 Var.
1485 1014 1604 1046 Lectt.
1614 1014 1713 1046 XIII.

979 1072 1128 1104 HfflNs.
1159 1069 1279 1105 Guelf.
1293 1069 1442 1112 nyem.
1476 1071 1591 1110 Mon,
1600 1068 1713 1110 Busl.,

980 1130 1036 1161 111
1059 1127 1124 1160 alii
1145 1126 1268 1171 Heius.
1293 1126 1449 1168 ὅππη.
1491 1125 1620 1159 Dresd.
1644 1123 1714 1156 Gi-
1775 1158 1778 1164 ,

979 1191 1068 1225 yan.
1102 1182 1250 1215 Plurimi
1273 1183 1395 1224 codd.,
1408 1183 1447 1213 ut
1461 1181 1620 1222 videtur,
1633 1178 1713 1220 ay-

979 1246 1063 1281 yem
1085 1241 1126 1271 ut
1146 1239 1237 1271 vett.
1251 1238 1331 1270 edd.
1346 1237 1535 1278 quaedam,
1557 1237 1621 1267 aut
1634 1234 1714 1275 Gy-

980 1301 1063 1335 9en.
1109 1294 1181 1326 Sed
1203 1295 1308 1325 recte
1331 1291 1414 1323 mihi
1434 1298 1583 1323 monere
1606 1290 1713 1322 vide-

983 1354 1043 1384 tur
1066 1351 1158 1383 God.
1181 1350 1366 1381 Hermann
1379 1347 1510 1388 opusc.
1529 1347 1575 1378 11.
1593 1345 1715 1387 p.1⁷G.

978 1429 1006 1448 „
1065 1413 1130 1448 ,σεε
1151 1404 1306 1437 nominis
1329 1404 1463 1445 forma,
1487 1409 1579 1443 quae
1592 1401 1716 1435 notior

981 1461 1143 1495 librariis
1166 1462 1263 1492 esset
1285 1460 1331 1492 ab
1353 1466 1442 1500 rege
1469 1457 1624 1500 Lydiae,
1646 1465 1716 1491 ve-

983 1525 1050 1550 rae
1079 1516 1183 1556 Gyas
1213 1509 1540 1547 substituta‘estf‘
1608 1513 1715 1547 Goth.

983 1571 1268 1612 semivirumque
1290 1569 1430 1611 bovem,
1452 1577 1499 1602 ex
1526 1559 1580 1602 AJ
1593 1570 1638 1602 A.
1662 1571 1714 1613 II,

984 1627 1040 1661 24.
1062 1643 1107 1651 —-—·
1129 1626 1232 1667 Gyas
1253 1634 1346 1658 unus
1368 1633 1389 1658 e
1405 1623 1638 1671 Centimanis,
1659 1626 1717 1659 cui

985 1682 1039 1716 uti
1061 1682 1168 1714 etiam
1190 1681 1381 1724 fratribus,
1403 1681 1555 1715 Briareo
1575 1683 1612 1714 et
1624 1679 1716 1714 Cot-

984 1740 1041 1781 to,
1064 1739 1215 1771 centum
1238 1736 1364 1769 manus
1393 1738 1431 1769 et
1460 1730 1718 1778 quinquaginta

986 1793 1338 1835 capitwtribuuntur
1349 1813 1372 1834 ,ῃ
1392 1791 1452 1833 qui
1475 1799 1555 1824 cum
1576 1791 1717 1826 Titani-

985 1849 1052 1883 bus
1081 1849 1224 1882 coelum
1238 1880 1240 1883 ,
1254 1837 1375 1890 quum*
1393 1854 1578 1889 occupare
1601 1854 1717 1879 cona-

985 1906 1129 1947 rentur,
1153 1911 1176 1936 a
1198 1905 1289 1936 Iove
1309 1903 1347 1936 in
1369 1904 1563 1937 Tartarum
1587 1900 1718 1935 deiecti

985 1961 1079 1992 sunt.
1123 1960 1328 1992 Secundum
1350 1959 1444 1992 alios
1474 1957 1622 1991 fabulae
1648 1964 1717 1988 au·-

987 2017 1110 2048 ctores
1139 2014 1206 2045 diis
1236 2014 1414 2046 adversus
1438 2014 1587 2047 Titanas
1610 2002 1716 2044 auxi-

985 2071 1036 2103 lio
1066 2071 1224 2102 fuerunt.
1276 2068 1360 2102 vid.
1382 2069 1554 2110 Apoflod.
1575 2069 1605 2100 1.
1626 2075 1658 2100 c.
1684 2067 1716 2100 1.

985 2125 1105 2165 ibique
1129 2125 1268 2164 Heyn.,
1299 2123 1448 2156 Hesiod.
1474 2124 1608 2165 Theog.
1636 2131 1659 2155 a
1679 2132 1719 2166 y.

987 2179 1078 2222 617„
1101 2178 1304 2211 Mitscherl.
1328 2179 1374 2210 ad
1396 2179 1487 2210 nor.
1509 2179 1572 2212 od.
1587 2179 1656 2221 111,
1678 2177 1716 2219 4,

987 2234 1040 2267 69.
1085 2250 1130 2257 ——
1173 2230 1402 2265 semibovem
1435 2232 1562 2266 virum
1592 2233 1716 2266 Mino-

988 2290 1130 2322 taurum
1163 2289 1274 2332 dicit,
1312 2288 1371 2329 qui
1398 2290 1523 2330 caput,
1541 2288 1646 2321 bovis
1679 2290 1717 2320 et

988 2353 1123 2386 corpus
1145 2345 1297 2376 bominis
1319 2345 1488 2386 babebat,
1501 2338 1595 2384 quod
1612 2336 1718 2375 mon-

987 2401 1099 2431 strum
1123 2400 1315 2442 Pasiphae,
1338 2400 1471 2433 Minois
1491 2398 1717 2432 Cretensium

987 2454 1085 2496 regis
1115 2463 1230 2498 uxor,
1271 2463 1362 2496 quae
1394 2454 1536 2486 daedali
1568 2454 1648 2486 arte
1678 2451 1718 2484 in.

987 2510 1178 2542 iuvencam
1209 2510 1367 2551 ligneam
1400 2509 1541 2542 inclusa
1567 2501 1717 2540 ‘taurum

989 2566 1197 2607 admiserat,
1220 2565 1379 2606 peperit,
1410 2565 1571 2597 Theseus·
1598 2564 1715 2596 inter-

990 2621 1088 2654 fecit.
1129 2621 1214 2653 uer.
1227 2622 1285 2662 x.,
1297 2621 1383 2653 Met.
1395 2619 1503 2661 vm,
1515 2607 1589 2651 155.
1601 2624 1716 2658 seqq„

990 2678 1160 2718 Apollod.
1197 2678 1260 2709 ΙΙΙ.
1297 2684 1328 2708 c.
1363 2674 1394 2707 1.
1431 2673 1548 2715 ibique
1576 2672 1718 2712 lleyn.‚

989 2733 1093 2774 Virg.
1115 2734 1205 2765 Aen.
1229 2732 1298 2773 VI,
1317 2730 1371 2763 14.
1386 2730 1504 2771 ibique
1520 2729 1624 2761 Serv.
1636 2728 1716 2760 Art.

990 2791 1032 2823 A.
1054 2790 1105 2831 11,
1126 2788 1181 2820 24.
1206 2788 1250 2819 de
1274 2787 1400 2819 eodem
1421 2785 1528 2818 ludit:

1063 2851 1312 2886 semibovemque
1346 2850 1443 2880 virum
1485 2847 1719 2883 semivirumque

1384 2895 1502 2926 bovem,

1737 2152 1750 2194 ff
