1846 3146
232 179 292 227 18
713 140 1254 229 PRoLEGoMENA.

230 301 282 342 de
312 307 432 355 parte
462 313 515 340 ex
545 313 596 340 eo
626 307 850 355 nascatur,
900 301 1010 355 quod
1052 303 1218 342 omnino
1246 308 1309 342 tot
1336 304 1377 342 in
1409 302 1475 343 his
1504 303 1618 343 libris
1647 315 1747 344 car-

204 375 343 414 vmina
371 373 469 412 nihil
498 372 579 412 nisi
607 385 748 412 meras
780 373 1061 426 querimonias
1097 386 1150 414 ac
1187 374 1324 414 tristia
1362 374 1621 429 contineant,
1653 376 1747 429 qui-

228 448 323 500 bus,
354 446 469 499 licet,
501 443 612 497 quod
641 443 695 484 ad
725 449 873 499 artem,
906 445 1097 485 omnibus
1126 458 1181 486 ex
1208 447 1396 498 partibus
1425 447 1643 486 absolutae
1673 458 1748 487 es-

229 523 347 571 sent,
386 517 457 556 vel
486 515 848 568 elegantissimum
876 517 1101 571 lectorem,
1146 518 1216 571 qui
1243 518 1285 558 in
1313 518 1523 571 poematis
1551 517 1747 572 legendis

229 597 357 643 atque
388 586 616 629 censendis
644 587 700 626 nil
728 588 807 628 nisi
837 589 1072 640 perfectam
1101 590 1203 630 artis
1232 590 1421 643 speciem
1449 594 1650 642 spectare
1673 601 1748 630 so-

229 664 350 715 leret,
381 672 566 700 necesse
597 665 717 699 esset
744 659 916 699 tandem
939 660 1176 714 defatigari.
1234 661 1484 715 Quanquam
1502 661 1651 715 negari
1665 673 1749 701 non

229 739 386 787 potest,
418 744 556 784 pauca
586 732 770 771 carmina
799 732 926 772 etiam
955 730 1223 773 similitudine
1244 738 1586 787 argumentorum
1608 732 1750 773 offen-

230 806 347 860 dere,
378 810 506 858 atque
543 804 743 857 imprimis
778 804 869 858 illa,
915 804 1026 857 quod
1054 805 1164 845 nullo
1194 806 1365 846 crimine
1401 806 1596 859 nullaque
1626 805 1751 857 culpa

228 891 308 919 sua
355 876 654 931 gravissimam
698 876 898 929 principis
942 877 1047 916 iram
1104 876 1333 934 duramque
1381 877 1520 919 exsilii
1567 888 1749 930 poenam

229 949 441 1002 meruerit,
474 948 580 988 citra
609 947 867 1001 elegantiam
896 948 949 988 ab
979 961 1031 988 eo
1059 949 1223 1004 urgeri,
1252 961 1390 1002 neque
1419 961 1515 988 eam
1541 949 1750 989 maculam

228 1015 439 1062 varietate
468 1033 522 1061 ac
549 1018 828 1073 pulcritudine
857 1019 1019 1060 formae
1057 1024 1185 1074 atque
1224 1021 1424 1061 orationis
1461 1020 1569 1061 satis
1597 1020 1751 1073 ubique

230 1092 508 1147 compensari.
575 1090 699 1143 Quod
736 1078 879 1132 tamen
921 1091 1077 1146 habet,
1118 1104 1198 1146 quo
1235 1098 1479 1147 excusetur,
1516 1097 1633 1132 certe
1669 1103 1751 1145 quo

230 1166 475 1220 explicetur.
531 1164 646 1204 Nam
674 1163 865 1218 primum,
896 1170 944 1204 ut
971 1176 1100 1216 supra
1130 1164 1325 1218 exposui,
1356 1164 1553 1204 Tristium
1586 1163 1679 1204 libri
1708 1168 1753 1203 et

231 1238 387 1292 singuli
425 1242 468 1276 et
496 1237 622 1289 plane
665 1235 847 1276 diversis
886 1236 1034 1288 scripti
1071 1234 1255 1290 editique
1293 1241 1392 1276 sunt
1419 1235 1678 1288 temporibus
1707 1239 1754 1274 et

228 1311 272 1351 in
299 1310 414 1351 Urbe
444 1307 612 1348 demum
638 1307 682 1347 in
709 1320 837 1347 unum
866 1308 988 1361 quasi
1017 1319 1170 1360 corpus
1198 1312 1299 1348 sunt
1334 1307 1512 1348 collecti.
1568 1304 1750 1360 Deinde,

231 1387 358 1436 atque
386 1381 470 1421 hoc
498 1380 676 1434 gravius
706 1384 789 1433 est,
819 1379 1027 1432 permulta
1056 1392 1111 1419 ex
1138 1379 1204 1419 his
1227 1379 1481 1419 carminibus
1509 1383 1608 1418 ante
1627 1390 1752 1432 quam

229 1455 271 1494 in
299 1453 510 1507 publicum
549 1450 801 1505 ederentur,
839 1450 894 1490 ad
931 1450 1090 1491 amicos
1121 1463 1147 1491 a
1175 1456 1303 1503 poeta
1333 1451 1454 1504 quasi
1482 1450 1753 1503 epistolarum

229 1527 324 1566 loco
367 1529 488 1564 erant
527 1523 682 1564 missa:
725 1523 769 1562 in
807 1523 957 1576 quibus
999 1522 1125 1576 igitur
1152 1523 1246 1563 illas
1287 1534 1384 1576 res,
1423 1534 1532 1575 quae
1569 1522 1752 1562 animum

230 1610 353 1639 suum
380 1596 564 1636 maxime
594 1599 853 1647 occuparent
881 1599 1009 1647 atque
1036 1599 1281 1649 moverent,
1327 1594 1465 1634 exsilii
1491 1593 1753 1647 iniquitatem

231 1675 275 1710 et
306 1669 507 1709 iniustam
537 1666 848 1707 damnationem
877 1677 953 1718 pro
983 1666 1212 1720 cuiusque,
1262 1663 1318 1705 ad
1357 1677 1481 1719 quem
1510 1666 1753 1705 scriberen-

231 1747 313 1794 tur,
345 1739 594 1779 diversitate
637 1738 797 1792 ingenii
839 1743 966 1791 atque
1007 1738 1048 1777 in
1086 1738 1224 1791 ipsum
1266 1736 1392 1776 animi
1431 1749 1484 1776 ac
1519 1736 1752 1776 voluntatis

230 1811 399 1865 poetico
427 1809 552 1849 modo
581 1816 754 1850 ornatas
784 1810 911 1849 etiam
951 1821 1046 1849 cum
1085 1808 1301 1862 elegantia
1342 1814 1541 1861 repetere
1583 1808 1752 1848 licebat.

230 1883 468 1934 Praecipua
498 1886 639 1920 autem
670 1893 828 1921 caussa
856 1881 1051 1933 ingratae
1080 1880 1188 1920 illius
1207 1880 1470 1932 repetitionis
1485 1880 1528 1919 in
1548 1891 1600 1919 eo
1617 1891 1753 1933 quae—

231 1953 378 2008 renda,
411 1952 521 2007 quod
549 1953 747 2004 poetain
772 1952 980 1991 nonnullis
995 1951 1141 1990 horum
1170 1951 1400 1992 carminum
1429 1950 1750 2004 componendis,

232 2031 401 2080 praeter
432 2017 652 2065 commune
688 2023 787 2063 illud
824 2023 958 2062 omnis
995 2020 1204 2075 poematis
1243 2023 1486 2075 consilium,
1535 2022 1752 2074 singulare

233 2112 298 2141 ac
315 2098 527 2152 privatum
556 2097 611 2136 sit
641 2101 915 2148 persecutus:
951 2100 997 2135 ut
1026 2093 1231 2135 Caesaris
1259 2094 1364 2134 iram
1391 2095 1599 2147 placaret,
1631 2105 1753 2133 eum-

233 2183 315 2225 que
345 2168 401 2209 ad
427 2166 703 2222 mitigandam
731 2166 1067 2220 longinquissimi
1096 2166 1233 2206 exsilii
1250 2178 1429 2219 poenam
1451 2171 1752 2206 commoveret.

233 2241 359 2295 Quod
389 2240 608 2282 consilium
636 2240 677 2278 in
715 2239 808 2279 aliis
844 2237 1010 2292 quidem
1049 2237 1200 2278 callide
1242 2237 1555 2291 artificioseque
1592 2236 1754 2276 obtexit

232 2320 361 2368 atque
391 2311 695 2365 dissimulavit,
734 2311 800 2351 sic
833 2315 879 2349 ut
914 2322 1087 2363 prorsus
1127 2309 1238 2350 aliud
1274 2321 1406 2363 agere
1439 2308 1636 2348 videatur
1670 2320 1753 2349 nec

233 2386 312 2426 nisi
341 2384 511 2438 penitus
540 2383 712 2436 cognita
741 2382 972 2422 carminum
1008 2382 1172 2421 ratione
1207 2382 1314 2422 satis
1349 2381 1640 2434 perspiciatur.
1704 2380 1752 2419 In

234 2458 327 2498 aliis
355 2469 460 2497 vero
490 2456 579 2510 egit
608 2454 808 2508 apertius,
840 2454 1142 2507 praeclareque
1163 2453 1438 2508 significavit,
1469 2457 1754 2505 exspectasse

234 2542 330 2569 eum
359 2534 486 2582 atque
516 2538 745 2580 sperasse,
784 2525 899 2579 fore,
930 2530 976 2565 ut
1003 2525 1056 2565 ab
1081 2525 1308 2583 ⁵Augusto,
1356 2536 1519 2565 summo
1547 2524 1626 2564 illo.
1644 2535 1753 2575 poe-

233 2608 369 2642 tarum
400 2600 559 2643 cultore
588 2604 715 2652 atque
745 2597 1022 2650 admiratore,
1053 2596 1312 2649 legerentur.
1375 2595 1480 2636 Inde
1515 2595 1643 2635 toties
1672 2594 1753 2634 ini-

232 2674 400 2713 iunctus
442 2683 581 2711 sermo
621 2669 675 2710 de
710 2669 859 2722 prioris
902 2668 1140 2708 innocentia
1180 2669 1298 2708 vitae
1335 2680 1471 2721 suae,
1518 2666 1572 2706 de
1612 2652 1752 2707 errore

232 2745 491 2797 levitateque
519 2742 689 2795 peccati
717 2741 799 2795 sui,
831 2740 883 2780 de
913 2739 1140 2780 durissima
1175 2745 1219 2779 et
1257 2739 1362 2779 citra
1392 2738 1533 2779 delicti
1559 2725 1782 2779 meritum‘

234 2815 473 2856 conditione
502 2814 636 2855 exsilii
664 2813 886 2866 Tomitani,
916 2811 1014 2852 inde
1043 2816 1311 2864 exaggerata
1339 2811 1408 2851 illa
1431 2809 1615 2852 adulatio
1634 2811 1751 2863 prin-
