1846 3146
110 177 116 180 ’
174 170 276 221 446

426 167 483 254 Ρ.
519 167 743 219 ovum
777 169 1095 223 NAsole
1127 144 1472 227 TRISTIUM

114 343 118 348 ,
176 290 434 359 Telephus
467 297 670 342 aeterna
702 297 981 342 consumtus
1015 294 1131 345 tabe
1163 273 1391 363 perisset,

1562 299 1708 362 ,15

243 373 306 425 Si
339 391 452 435 non,
489 391 613 440 quae
645 378 829 437 nocuit,
864 375 1040 427 dextra
1073 378 1271 429 tulisset
1304 395 1460 447 opem.

177 458 246 508 Et
277 473 398 518 mea,
433 459 477 507 si
509 457 701 507 facinus
736 459 922 518 nullum
955 463 1291 524 commisimus,
1328 468 1462 530 opto,

244 541 469 591 Vulnera
503 543 585 607 qui
618 541 755 605 feeit,
789 543 923 593 facta
955 542 1130 595 levare
1164 545 1318 606 velit3

179 623 549 690 Contentusque
581 627 675 689 mei
707 628 802 675 iam
834 626 1029 677 tandem
1055 632 1203 694 ,parte
1238 628 1446 692 dolel-ist,

242 709 491 775 Exiguum
523 708 672 776 pleno
707 708 772 760 de
805 726 938 761 mare
964 712 1134 770 *demat
1167 726 1337 778 aquae.

177 902 246 927 nus
268 892 368 936 Vat„
389 893 536 927 Pirckh.
557 894 596 926 et
621 894 756 926 Bersm.
787 910 832 918 ·—
860 895 910 928 Et

175 950 230 982 sic
260 951 345 991 post
374 932 581 992 fieinsium,
610 958 722 990 usque
751 951 797 982 ad
822 951 909 982 lah-

176 1014 277 1048 num,
322 1002 550 1042 recentiores
590 1005 800 1047 ediderunt,
845 1008 910 1038 aut

176 1061 316 1093 Heinsii
337 1060 556 1092 auctoritate
569 1059 727 1102 decepti,
739 1062 802 1093 aut
813 1062 909 1101 quod

175 1116 314 1148 vulnus
335 1115 433 1147 dare
450 1115 519 1148 dici
538 1116 735 1148 nescirent.
778 1117 827 1149 At
847 1116 909 1149 vi-

176 1181 246 1205 rus
269 1171 364 1204 dare
386 1172 456 1203 hoc
477 1178 587 1203 sensu
609 1178 632 1202 a
654 1171 800 1203 Nasone
823 1179 912 1203 nus-

177 1235 284 1268 quam
308 1227 461 1268 dicitur,
493 1228 623 1258 contra
645 1227 781 1258 vulnus
804 1227 912 1267 dare,

176 1291 247 1323 pro
267 1281 412 1324 facere,
434 1280 605 1324 insliyere
627 1284 804 1315 consueta
822 1290 912 1314 ora-

176 1338 229 1371 tio
255 1339 325 1379 est,
350 1345 442 1378 quae
461 1338 647 1379 quinquies
668 1338 705 1370 in
723 1338 811 1370 solis
828 1340 911 1371 Me-

176 1394 469 1434 tamorphosibus
491 1393 636 1434 legitur.
683 1393 789 1426 Gonf.
803 1394 910 1427 Trist.

175 1449 229 1492 V,
253 1450 289 1492 7,
314 1449 382 1491 19„
404 1450 455 1491 V,
479 1450 637 1492 10,-44.,
667 1451 791 1483 Amor.
814 1452 847 1493 Ι,
870 1451 908 1492 2,

175 1504 231 1538 44.
283 1505 410 1546 Neque
439 1504 533 1536 illud
558 1504 666 1537 virus
702 1505 808 1539 dedit
839 1507 908 1548 ipsi

175 1561 325 1594 fabulae
355 1569 400 1592 ac
429 1559 583 1603 rationi,
617 1568 687 1602 qua
714 1561 759 1592 ab
789 1568 908 1603 angue

174 1618 269 1651 ictus
299 1617 356 1649 est
384 1616 623 1658 Philoctetes,
652 1617 743 1649 satis
767 1619 908 1650 conve-

176 1671 253 1715 nit',
285 1679 402 1713 neque
431 1671 521 1703 illud
534 1671 652 1720 ‘aluit
672 1674 717 1705 de
738 1673 820 1706 viro
842 1681 907 1706 re-

176 1730 236 1761 cte
259 1728 456 1760 diceretur.
501 1727 604 1769 Virg.
628 1728 698 1771 IV,
716 1728 758 1771 1,
780 1729 813 1762 2.

241 1801 284 1830 At
305 1802 413 1838 regina
438 1802 526 1837 gravi
550 1801 611 1831 iam
638 1795 748 1830 dudum
773 1809 839 1832 sau
849 1802 908 1832 cia

574 1855 648 1877 cura

241 1890 358 1920 Vulnus
376 1891 449 1919 alit
465 1892 562 1921 venis.

175 1959 281 1994 Cous.
306 1961 452 1992 Metam.
481 1962 535 2003 X,
557 1961 628 2003 49„
657 1961 766 1994 Trist.
789 1962 839 2004 V,
870 1961 907 2004 4,

176 2017 246 2059 12„
270 2017 374 2048 Pont.
398 2016 432 2057 Ι,
456 2016 491 2058 3,
515 2019 547 2048 5.
571 2019 608 2048 et
629 2019 704 2059 ΙΙΙ,
729 2018 763 2059 1,
787 2017 841 2049 54.
864 2035 907 2041 -—

123 2065 129 2074 ”
179 2071 349 2112 Tumida,
373 2079 424 2103 sc.
443 2072 481 2103 vi
502 2071 643 2103 veneni.
678 2074 772 2104 Mor.
786 2082 854 2114 pro
871 2083 906 2106 v.

174 2127 302 2167 script.
323 2133 470 2168 mayno.
517 2128 600 2168 Seg.
624 2136 647 2159 a
670 2127 701 2159 1.
724 2137 769 2160 m.
785 2128 906 2168 pesti-

173 2183 373 2225 ferumque
404 2183 534 2224 modo,
561 2191 585 2215 a
612 2184 644 2216 2.
670 2191 721 2217 m.
727 2206 742 2227 ,
772 2187 813 2217 ut
841 2193 905 2218 re-

175 2239 275 2280 liqui.

221 2328 273 2360 15.
310 2326 504 2368 Telephus.

168 2385 283 2426 Prop.
306 2386 358 2426 ΙΙ,
383 2383 418 2425 1,
441 2383 496 2415 63.

575 2326 657 2360 vid.
688 2328 735 2361 aa
765 2330 822 2372 11,
852 2329 905 2363 19.

239 2468 346 2505 Mysus
366 2472 397 2498 et
413 2469 560 2498 Aemonia
587 2470 706 2498 iuvenis
727 2477 785 2506 qua
802 2469 905 2506 cuspi-

574 2515 611 2543 de
629 2516 738 2543 vulnus

291 2559 448 2594 Senserat,
481 2560 540 2589 hac
563 2560 632 2595 ipsa
657 2560 780 2596 cuspide
809 2559 906 2589 sensit

572 2611 669 2639 opem.

174 2683 256 2715 Put.
279 2685 487 2717 aeternum.
538 2686 636 2717 Unus
660 2686 777 2717 Burm.
799 2684 905 2726 peste

176 2741 215 2771 et
237 2739 329 2771 alius
350 2740 484 2772 morte.
530 2740 663 2778 Dresd.
682 2749 750 2781 pro
774 2750 810 2772 v.
831 2747 904 2772 scr.

173 2794 319 2837 fuisset.

222 2873 275 2906 16.
308 2872 413 2914 Quae
444 2872 588 2915 nocuit,
623 2873 825 2914 perfectum
858 2874 905 2906 ad

1599 738 1605 747 v
1640 713 1708 764 2⁰

979 890 1123 929 modum
1146 894 1280 928 Graeci
1302 892 1452 938 amisti,
1470 894 1530 929 ubi
1551 903 1599 929 ex
1619 897 1706 930 vul-

979 951 1062 992 gari
1085 950 1227 983 dicendi
1259 951 1404 984 ratione
1429 951 1706 994 plusquamper-

979 1001 1116 1038 fectum
1137 1004 1350 1047 poneretur.

1024 1104 1077 1137 17.
1111 1105 1194 1138 vid.
1216 1107 1254 1147 1,
1284 1105 1327 1146 2,
1360 1104 1414 1151 995
1443 1106 1482 1138 et
1508 1107 1561 1148 11,
1586 1106 1639 1138 19.
1660 1120 1706 1138 2—

977 1159 1077 1193 Leid.
1111 1156 1208 1201 quae
1232 1159 1336 1203 fecit.
1388 1160 1495 1194 Goth.
1523 1161 1621 1193 velle
1648 1161 1706 1193 le-

977 1223 1072 1247 vare
1093 1215 1197 1248 velit.
1274 1222 1278 1228 '

1022 1303 1076 1337 18.
1107 1301 1228 1344 Fecit,
1247 1300 1367 1345 facta.
1411 1302 1495 1336 Vid.
1515 1302 1562 1336 ad
1578 1302 1646 1346 111,
1668 1303 1706 1346 6,

977 1358 1033 1392 11.

1017 1444 1070 1476 19.
1104 1443 1192 1476 Iam
1213 1443 1384 1486 tandem,
1413 1443 1498 1486 post
1528 1442 1621 1476 duos
1643 1444 1706 1476 to-

973 1500 1031 1532 tos
1065 1500 1185 1542 exsilii
1219 1507 1347 1532 annos.
1424 1499 1507 1532 Vid.
1539 1500 1705 1532 prooem.

972 1554 1141 1586 Heinsius
1172 1548 1204 1586 e*
1224 1556 1326 1588 Leid.
1354 1557 1393 1588 et
1424 1556 1461 1588 V
1489 1555 1571 1587 aliis
1600 1555 1704 1588 libris

974 1609 1072 1642 dedit
1095 1608 1252 1642 laboris.
1284 1609 1360 1645 sed
1381 1610 1466 1643 mihi
1486 1617 1579 1642 vera
1601 1611 1706 1643 vide-

973 1667 1034 1698 tur
1077 1665 1282 1706 scriptura..
1304 1666 1417 1707 longe
1466 1666 1704 1706 plurimorum

974 1721 1077 1753 codd.
1100 1720 1268 1753 doloris.-
1290 1729 1373 1753 nam
1395 1723 1495 1754 totus
1519 1721 1625 1760 locus
1648 1723 1706 1753 est

974 1777 1018 1808 de
1040 1776 1209 1818 vulnere,
1231 1778 1270 1808 et
1290 1776 1440 1818 gravius
1470 1778 1528 1808 est
1557 1775 1707 1809 doloris

973 1834 1011 1864 et
1033 1831 1196 1872 sequitur
1218 1830 1359 1864 acerbi.
1403 1830 1510 1865 Conf.
1531 1841 1568 1865 v.
1591 1832 1645 1866 1⁰.
1666 1834 1705 1866 et

972 1887 1023 1930 V,
1047 1887 1082 1930 1,
1106 1887 1160 1920 63.
1319 1883 1325 1888 ’
1402 1881 1405 1882 ’

1017 1974 1072 2007 20.
1106 1974 1165 2006 De
1201 1981 1320 2006 mare.
1386 1973 1522 2006 Eadem
1557 1974 1705 2016 antIqua
1742 1977 1750 1980 ”

974 2030 1125 2062 ablativi
1148 2031 1268 2062 forma
1290 2030 1346 2061 est
1367 2029 1470 2062 Pont.
1494 2030 1563 2071 1V,
1581 2030 1618 2071 6,
1632 2029 1704 2072 46.,

974 2085 1025 2116 lb.
1050 2094 1085 2116 v.
1110 2085 1200 2126 196„
1223 2087 1304 2117 Art.
1325 2086 1367 2117 A.
1389 2086 1459 2126 111,
1482 2084 1536 2116 94.
1589 2085 1706 2118 Simili

972 2141 1079 2177 modo
1105 2140 1217 2170 turre
1245 2140 1331 2172 Her.
1354 2141 1498 2181 xvm,
1521 2138 1611 2181 118„
1632 2147 1704 2180 pe-

970 2203 1087 2226 renne
1094 2195 1178 2226 Her.
1186 2194 1292 2236 VIII,
1307 2195 1360 2227 64.
1369 2197 1406 2226 et
1417 2196 1515 2227 Fast.
1527 2195 1598 2236 ΠΙ,
1611 2194 1704 2237 654.,

972 2250 1132 2282 coeleste
1161 2250 1250 2280 Met.
1279 2250 1370 2292 XV,
1392 2249 1495 2291 743„
1528 2248 1704 2282 bimestre

971 2306 1070 2338 Fast.
1094 2306 1165 2347 VI,
1189 2304 1264 2336 158.
1319 2306 1398 2339 Nec
1419 2305 1580 2346 reliquos
1603 2304 1702 2338 illius

972 2361 1104 2393 aetatis
1126 2360 1326 2400 scriptores
1350 2359 1439 2392 talia
1455 2360 1582 2392 sedulo
1604 2368 1703 2393 sem-

972 2424 1039 2457 per
1049 2415 1186 2447 vitasse
1198 2417 1330 2448 docent
1338 2415 1537 2448 Schneider
1545 2415 1702 2448 Gramm.

971 2472 1014 2503 L.
1037 2471 1076 2502 P.
1097 2472 1146 2502 ΙΙ.
1168 2471 1254 2503 Vol.
1277 2473 1305 2503 Ι.
1326 2480 1362 2511 p.
1377 2470 1471 2512 219„
1483 2470 1608 2507 sanct.
1627 2471 1702 2504 Mi-

970 2533 1074 2557 nerv.
1095 2526 1141 2557 11.
1165 2533 1196 2557 c.
1219 2525 1251 2557 7.
1311 2525 1416 2559 conf.
1447 2526 1581 2557 Muret.
1609 2525 1701 2557 Var.

970 2582 1012 2614 L.
1035 2582 1098 2613 111.
1122 2589 1152 2613 c.
1177 2581 1229 2613 17.
1238 2603 1252 2623 ,
1286 2580 1457 2613 Priscian.
1490 2582 1518 2612 Ι.
1549 2588 1582 2611 c.
1608 2579 1640 2611 7.
1663 2581 1702 2612 et

971 2637 1109 2671 Charis.
1132 2637 1251 2669 Instit.
1276 2637 1433 2669 Gramm.
1456 2645 1490 2676 p.
1513 2635 1568 2668 44.

1014 2705 1115 2737 Leid.
1144 2710 1292 2745 aquam.
1352 2703 1442 2735 Exc.
1475 2696 1582 2734 Voss.
1614 2698 1699 2732 exi-

968 2768 1092 2801 quam.
1165 2761 1271 2791 Rern.
1305 2758 1343 2789 et
1370 2758 1427 2788 111
1455 2756 1577 2789 Heius.
1614 2754 1698 2787 emi-

969 2824 1137 2858 =quam--
1150 2821 1298 2855 aquam.
1364 2812 1508 2844 Pirckh.
1548 2811 1698 2852 carpat.

971 2873 1076 2905 Serv.
1100 2869 1226 2903 tollat.
1271 2870 1324 2901 111
1346 2867 1469 2901 Heius.
1492 2866 1628 2899 sumat.
