1846 3146
634 137 765 188 LIB.
797 128 889 189 IV.
940 138 1144 190 ELEG.
1175 139 1268 191 tv.

1581 146 1683 197 3⁷9

159 261 274 312 Nec
305 277 454 322 nova,
489 259 620 327 quod
653 265 811 310 tecum
841 260 1032 326 loquor,
1069 267 1146 312 est
1177 264 1355 312 iniuria
1385 270 1570 328 nostra,

224 344 487 394 Incolumis
522 360 631 414 cum
661 359 757 408 quo
792 358 943 409 saepe
975 343 1172 394 locutus
1206 361 1366 395 eram..

158 427 269 487 Quo
302 442 511 477 vereare
543 428 713 487 minus,
747 441 810 476 ne
842 428 933 475 sim
967 426 1056 476 tibi
1091 430 1272 478 crimen
1307 431 1514 480 amicus:

1616 433 1684 483 25

159 531 177 552 .·
223 509 480 570 Invidiam,
514 511 559 558 si
590 526 685 574 qua
715 515 810 570 est,
845 514 1016 559 auctor
1047 509 1230 560 habere
1259 517 1438 577 potest.

158 592 288 641 Nam
321 599 431 641 tuus
465 597 542 641 est
571 594 736 658 primis
771 591 932 641 cultus
962 591 1077 642 mihi
1109 608 1302 660 semper
1334 595 1396 645 ab
1429 598 1569 647 annis

224 674 366 735 (Hoc
397 664 532 724 uerte
565 674 670 723 noli
703 674 1038 737 dissimulare)
1072 682 1228 742 pater,

158 756 504 821 Ingeniumque
537 772 691 806 meum
724 759 896 823 [potes
929 757 1026 808 hoc
1058 761 1359 821 meminisse]
1394 762 1637 827 probabat

224 837 346 887 Plus
381 842 538 900 etiam,
575 848 729 905 quam,
765 855 841 890 me
875 841 1055 902 iudice,
1092 841 1271 906 dignus
1306 857 1465 905 eram3

1618 845 1687 895 3⁰

158 920 333 986 Deque
366 920 485 970 meis
517 923 607 972 illo
640 913 890 972 referebat
920 924 1149 973 versibus
1183 940 1287 985 ore,

223 1003 283 1053 In
316 1019 410 1069 quo
444 1021 558 1071 pars
593 1005 723 1071 altae
757 1007 1025 1055 nobilitatis
1059 1012 1178 1055 erat.

156 1084 276 1136 Non
306 1088 455 1151 igitur
487 1087 576 1136 tibi
609 1083 751 1149 nunc,
789 1089 920 1154 quod
952 1105 1045 1158 me!
1065 1089 1235 1140 domus
1267 1093 1364 1140 ista
1395 1095 1600 1160 recepit,

226 1167 336 1219 Sed
367 1171 503 1235 prius
535 1173 731 1219 auctori
756 1178 869 1220 sunt
904 1171 1018 1221 data
1050 1173 1208 1222 verba
1238 1179 1337 1223 tuo.

158 1302 226 1333 tuo
248 1300 394 1334 ὴοηιὶκε
414 1300 542 1345 signis,
563 1304 599 1336 te
620 1303 835 1347 siqnificare
849 1307 887 1338 et

159 1356 382 1398 celebrant,-
407 1358 527 1391 tamen
551 1367 630 1400 eqo
653 1363 709 1399 (et
732 1370 805 1393 non
829 1363 884 1399 tu)

158 1414 170 1447 “.
189 1437 200 1445 .
223 1412 385 1445 kabebo:
408 1422 482 1445 non
505 1415 634 1453 (enim)
657 1440 666 1448 .
691 1440 700 1448 .
724 1440 735 1449 .
759 1416 868 1448 tuif‘

200 1491 263 1522 8&
288 1490 449 1523 Nostra.
501 1491 583 1523 Duo
605 1493 739 1525 nostri.
790 1496 885 1528 For-

157 1549 257 1578 tasse
279 1546 431 1585 nostro,
461 1546 483 1578 i.
512 1554 543 1579 e.
572 1550 705 1588 tecum,
735 1550 795 1590 qui
816 1558 886 1581 no-

155 1602 237 1633 uter
257 1608 309 1633 es.
360 1600 506 1633 ΗιιΝε.
562 1602 771 1645 Coniunge:
804 1612 886 1636 cum

157 1644 420 1695 cino—nostro
451 1658 486 1688 Ιι.
516 1666 548 1691 e.
569 1658 733 1700 favente,
757 1659 887 1690 noster

157 1717 242 1740 cum
266 1718 374 1742 esses.
419 1712 559 1744 Bmm.
604 1713 755 1746 Omnino
775 1714 885 1745 resti-

160 1765 328 1804 tuendum
348 1773 369 1796 e
385 1766 560 1799 librorum
576 1776 693 1808 prope
708 1776 886 1799 consensu

158 1818 318 1851 nostra.-
349 1820 427 1852 Sed
448 1827 566 1863 neque
597 1828 698 1854 nova
727 1823 784 1855 est
812 1822 888 1854 ista

158 1874 204 1911 (a
225 1881 285 1905 me
310 1875 343 1906 Ιι.
367 1878 419 1912 e.)
438 1876 576 1908 nostra
602 1876 746 1909 iniuria
776 1877 814 1909 in
838 1878 886 1918 te,

157 1924 261 1969 quoa
289 1929 411 1961 tecum
440 1930 593 1972 loquor,
632 1931 710 1965 sive
738 1933 888 1965 locutus

156 1990 259 2023 sunu
297 1992 381 2017 cum
409 1993 482 2027 quo
514 1989 564 2028 (q.
594 1995 626 2019 e.
652 1996 730 2021 cum
755 1990 888 2029 tecum,

158 2041 223 2072 sed
246 2039 318 2082 ita,
345 2042 388 2072 ut
417 2042 531 2082 poeta
558 2051 626 2083 per
646 2044 801 2084 simplex
823 2052 906 2076 re-.

156 2094 309 2129 lattvum
332 2097 493 2130 enuntiet
499 2109 510 2139 ς
534 2099 694 2140 alioquin
708 2099 801 2131 enim
815 2106 886 2139 po-

158 2157 249 2183 nere
272 2151 453 2183 debuisset
480 2154 755 2187 eoniunctivum.
802 2155 886 2187 Vid.

158 2200 206 2236 ad
230 2205 262 2246 1,
277 2198 321 2247 ’5,
344 2206 430 2248 410,
448 2198 645 2240 incolumis
662 2218 745 2242 cum
763 2210 887 2242 adhuc

158 2267 285 2300 essem,
307 2269 419 2303 saepe
440 2263 591 2308 locutas
612 2273 729 2296 eram.
746 2267 885 2298 —-11er.

158 2315 240 2355 XX,
263 2315 317 2346 93.

225 2371 300 2404 noe,
328 2372 407 2407 quod
430 2371 522 2400 Amor
547 2373 647 2408 iussit,
670 2377 814 2412 scriptum
839 2381 887 2406 est

553 2417 664 2446 iniuria
681 2423 794 2447 nostra.

159 2473 227 2505 Ubi
243 2473 313 2504 vid.
336 2475 409 2504 not.
455 2473 558 2506 Conf.
581 2476 665 2507 Her.
689 2478 791 2519 vm,
815 2478 885 2520 87.,

158 2527 268 2560 Trist-
290 2529 360 2569 IV,
384 2529 419 2570 9,
442 2529 474 2560 7.
529 2531 583 2561 De
612 2531 888 2573 plusquamper-

158 2583 261 2616 fecto
282 2584 429 2616 locutus
453 2592 559 2615 eram
581 2587 677 2617 conf.
696 2588 763 2628 lv,
777 2589 813 2629 2,
834 2590 887 2621 28.

203 2649 259 2681 25.
288 2648 451 2681 Amicus.
497 2651 630 2684 Graeci
658 2653 692 2684 h.
724 2653 748 2684 Ι.
772 2655 887 2685 adde-

159 2706 242 2736 rent
272 2705 500 2745 participium
529 2699 595 2738 0311:
627 2705 736 2748 φίλος
762 2706 823 2740 σοί
848 2717 887 2750 γε

159 2751 222 2791 ὄν.
246 2775 289 2784 --
312 2759 449 2802 auen„
472 2761 595 2803 aoth„
614 2763 689 2795 Pal.
709 2763 741 2794 ε.
764 2768 799 2795 et
821 2765 886 2796 xx

159 2814 223 2846 alii
246 2816 381 2859 Heius„
398 2817 526 2848 Dresd.
539 2826 605 2858 pro
621 2828 654 2850 v.
665 2827 752 2860 scr„
767 2820 884 2860 Rern.³

950 1306 1087 1348 Berol.‚
1110 1307 1210 1348 Seg.,
1229 1306 1308 1338 Rel.
1321 1306 1451 1340 amice.
1481 1311 1563 1344 Non
1578 1312 1684 1344 male.

950 1360 1097 1393 Auctor
1127 1365 1246 1393 autem
1279 1371 1314 1393 v.
1344 1362 1397 1394 26.
1427 1363 1685 1407 intelligendus

952 1420 1007 1449 est
1030 1417 1169 1448 auctor
1190 1414 1395 1458 amicitiae,
1418 1420 1458 1450 ut
1484 1423 1640 1461 apparet
1663 1429 1684 1453 e

953 1481 987 1503 v.
1012 1471 1064 1503 34.

997 1532 1050 1563 27.
1083 1531 1184 1564 Nam
1198 1533 1283 1564 tutes
1302 1534 1368 1566 est.
1413 1532 1588 1576 Namque
1601 1535 1687 1567 tuus

949 1586 1086 1627 primis
1108 1588 1164 1619 1v
1184 1588 1306 1620 Heius.
1361 1590 1455 1621 Mor.
1480 1598 1505 1621 a
1535 1590 1685 1631 primis.

953 1641 1060 1672 Goth.
1083 1650 1197 1681 semp.
1220 1651 1268 1673 m.
1295 1644 1431 1675 cultus.
1490 1645 1574 1686 Seg.
1597 1644 1687 1677 mila

952 1704 1065 1735 semp.
1091 1697 1227 1728 cultus.
1272 1699 1318 1731 V.
1341 1700 1397 1732 28.
1430 1699 1510 1731 Bel.
1525 1708 1548 1731 a
1571 1700 1601 1732 1.
1626 1709 1687 1742 ιιι,

954 1752 1009 1783 IV
1033 1753 1152 1784 Heius.
1177 1756 1214 1785 et
1239 1756 1327 1786 vett·
1351 1755 1431 1796 edd.
1454 1754 1524 1787 hoc
1551 1756 1687 1787 saltem

952 1805 1043 1837 noli.
1089 1806 1172 1839 Hoc
1199 1810 1302 1841 certe
1325 1810 1423 1842 nolit
1450 1812 1550 1852 Iun„
1579 1811 1687 1853 Regu,

953 1862 1058 1893 Ber-n.
1081 1864 1119 1894 et
1142 1864 1271 1897 Dresd.
1294 1874 1363 1906 pro
1387 1877 1421 1899 v.
1445 1877 1518 1900 ser.
1539 1884 1585 1890 —-
1609 1869 1688 1899 Re-

952 1916 1039 1958 liqui
1061 1918 1132 1950 hoc
1154 1920 1257 1951 certe
1279 1920 1369 1961 noli,
1392 1931 1480 1965 non,
1504 1927 1545 1955 ut
1568 1931 1588 1954 e
1602 1924 1688 1955 vat.

957 1971 1002 2014 1.,
1025 1974 1101 2005 Pol.
1125 1976 1179 2015 1.,
1210 1975 1286 2007 Pal.
1309 1976 1342 2007 2;
1364 1977 1487 2009 Guelf.
1510 1980 1547 2009 et
1570 1978 1687 2010 tribus

954 2027 1037 2060 aliis
1058 2037 1154 2061 nunc
1177 2030 1302 2072 edunt,
1324 2030 1405 2063 noli
1426 2033 1542 2065 certe.

997 2094 1051 2125 29.
1083 2094 1166 2127 Hoc
1196 2098 1334 2137 primae
1364 2100 1443 2130 edd.
1475 2102 1514 2132 et
1543 2101 1686 2141 plurimi

954 2150 1081 2189 scripti
1122 2151 1207 2183 loco
1242 2153 1339 2194 vulg.
1373 2154 1475 2186 haec.
1557 2155 1686 2186 Recte.

952 2202 1098 2236 mes.

995 2259 1049 2293 30.
1084 2259 1202 2298 Quam
1235 2269 1293 2293 me
1319 2260 1462 2303 iudice,
1492 2264 1552 2304 qui
1583 2269 1687 2297 certe

953 2323 1027 2346 non
1047 2315 1223 2348 invidiose
1245 2320 1308 2350 aut
1330 2307 1538 2350 contemtiin
1561 2319 1605 2350 de
1627 2319 1685 2351 in-

951 2370 1059 2411 genio
1083 2378 1162 2402 meo
1185 2371 1392 2404 iudicarem.
1437 2373 1484 2404 V.
1506 2373 1559 2405 31.
1588 2374 1684 2406 Busl.

951 2424 1153 2465 plurimus.

997 2481 1051 2511 32.
1082 2480 1204 2514 Altae.
1255 2483 1404 2515 Plurimi
1435 2483 1566 2524 scripti
1589 2485 1683 2522 (Pal.

956 2534 1007 2577 1.,
1040 2537 1192 2577 Franc.,
1236 2538 1379 2580 Guelf.‚
1411 2539 1539 2580 Goth„
1573 2541 1685 2582 Reg.,

954 2589 1075 2631 Serv„
1098 2592 1208 2634 Busl.,
1231 2594 1324 2631 qu.,
1348 2595 1501 2632 Bersm.)
1531 2598 1570 2627 et
1593 2599 1684 2627 vet-t.

953 2646 1032 2676 edd.
1054 2653 1224 2686 maynae.
1269 2649 1352 2680 vid.
1375 2650 1477 2682 Pone.
1500 2653 1550 2693 11,
1574 2652 1609 2692 3,
1630 2653 1683 2683 63.

953 2702 990 2731 et
1013 2704 1087 2731 not.
1110 2702 1156 2732 ad
1180 2702 1278 2734 Fast.
1310 2704 1384 2745 IV,
1414 2706 1489 2737 305.
1535 2706 1682 2737 Ham-s.

952 2756 1057 2789 Conf.
1081 2760 1198 2788 tamen
1221 2759 1395 2800 Pone..11‚
1420 2760 1477 2801 16,
1500 2762 1553 2794 43.

995 2823 1048 2854 ³³.
1079 2822 1193 2863 „Non
1226 2824 1346 2865 iyiteer
1377 2826 1419 2857 tu
1448 2836 1545 2859 meuc
1573 2827 1682 2859 dece-
