1846 3146
642 176 1057 229 PRAEFATIO.
1479 192 1608 225 xxxi

97 310 242 370 atque
276 305 554 354 commentis
586 318 757 368 parum.
784 301 922 349 scitis
952 296 1253 368 apponendis
1286 311 1347 347 ac
1376 298 1614 346 refellen-

99 387 178 436 dis
211 389 415 453 spatium
441 386 566 434 male
585 397 928 442 consumerem,
963 396 1059 430 neu
1094 383 1461 430 commentarios
1478 397 1613 431 meos

97 471 228 518 inani
269 469 360 518 illo
393 467 612 535 pondere
657 480 929 524 onerarem,
975 469 1026 512 et
1066 470 1249 523 tamen,
1294 469 1516 528 quantum
1563 466 1612 512 in

97 567 174 601 me
207 556 367 611 esset,
405 549 686 616 impedirem
733 553 876 612 atque
917 546 1228 614 providerem
1242 581 1255 606 ,
1299 561 1361 595 ne
1406 547 1614 613 posthac

100 633 273 684 eadem
301 637 645 699 peccarentur,
680 646 770 696 pro
806 632 932 679 omni
965 629 1130 677 talium
1162 644 1376 678 errorum
1411 632 1613 696 exposi—

101 719 238 783 tione
266 720 410 779 atque
442 713 706 763 refellendi
740 715 1075 771 contentione,
1130 714 1264 778 ipsos
1312 712 1429 761 illos
1473 713 1614 762 locos

53 783 58 786 ³
99 797 269 865 paullo
305 796 587 863 diligentius
622 802 766 861 atque
802 798 1054 861 operiosus
1088 798 1312 854 tractavi,
1348 797 1615 860 maiorique

100 882 244 946 copia
281 879 610 946 exemplorum
665 885 808 944 atque
855 878 1106 927 doctrinae
1148 879 1443 927 confirmavi.
1523 877 1614 927 Sic

98 963 141 1024 1,
175 962 223 1023 1,
256 961 334 1010 23.
368 967 643 1011 annotatum
686 968 785 1022 est,
832 964 1044 1010 crimina
1089 961 1243 1010 solam
1275 962 1448 1010 Artem
1482 978 1614 1010 ama-

97 1047 269 1095 toriam
298 1030 637 1109 intelligenda,
673 1059 932 1110 omnesque
963 1044 1027 1093 de
1060 1059 1121 1092 ea
1154 1058 1209 1092 re
1240 1043 1381 1093 locos
1412 1047 1617 1093 maxime

98 1142 204 1177 eam
238 1127 302 1177 ob
334 1142 553 1177 caussam
586 1127 856 1188 attulimus,
901 1126 1030 1192 quod
1066 1127 1150 1175 alii
1183 1128 1475 1192 interpretes
1510 1142 1615 1194 om-

98 1212 181 1259 nia
214 1211 422 1259 carmina
446 1212 676 1259 amatoria
692 1224 785 1260 nec
817 1210 970 1259 solam
988 1210 1160 1258 Artem
1194 1210 1459 1273 significari
1493 1220 1615 1259 con-

99 1292 297 1342 firmant.
364 1293 414 1352 I,
450 1292 496 1352 3,
532 1291 611 1345 33.
644 1292 865 1358 pluribus
900 1292 1137 1358 exemplis
1179 1295 1463 1358 scripturam
1502 1295 1613 1342 alta

99 1374 268 1424 Roma
287 1375 592 1434 firmavimuS,
626 1390 689 1423 ne
722 1377 828 1440 quis
861 1375 1068 1442 posthac
1100 1377 1426 1425 coniecturam
1459 1376 1610 1436 alma,

0 1513 10 1535 Α,
99 1458 161 1507 ab
188 1458 288 1508 alio
322 1458 513 1507 editore
544 1460 856 1524 propositam,
890 1458 1132 1524 probaret.
1199 1459 1265 1518 11,
1301 1458 1412 1507 106.
1433 1457 1614 1508 dictio-

1 1595 18 1602 ,
97 1554 206 1591 nem
253 1556 355 1590 mm
395 1543 563 1589 minus
602 1546 653 1589 et
695 1544 1006 1590 annotatione
1042 1541 1259 1607 explicui
1294 1546 1344 1589 et
1377 1542 1616 1608 exemplis

97 1623 372 1684 illustravi3
407 1639 515 1671 nam
548 1622 634 1671 alii
666 1625 956 1689 interpretes
988 1639 1092 1672 eam
1124 1639 1220 1671 non
1254 1623 1614 1672 intellexerant.

98 1705 173 1766 Π,
208 1706 319 1755 499.
352 1706 508 1755 verba
549 1707 716 1754 cultus
770 1706 973 1754 adulter
1016 1708 1326 1754 annotatione
1380 1708 1616 1755 instructa

99 1792 223 1836 sunt.
288 1789 391 1837 Res
434 1790 694 1854 perspicua
740 1793 836 1836 est:
881 1789 1179 1837 Horatianus
1225 1787 1313 1836 ille
1347 1787 1488 1837 locus
1529 1792 1612 1838 vi-

102 1868 275 1918 deatur
315 1869 619 1929 omittendus.
700 1869 884 1943 Verum
916 1873 960 1918 si
995 1870 1277 1935 diligentius
1320 1873 1611 1935 quaesieris,

99 1953 384 2017 scripturam
416 1954 583 2001 cultus
614 1951 675 2001 ab
710 1951 820 2001 aliis
855 1955 1147 2018 exagitatam
1183 1958 1233 2002 et
1261 1970 1350 2020 pro
1387 1960 1615 2019 corrupta

0 2043 6 2098 ᾗ
98 2032 310 2084 habitam
342 2049 455 2084 esse
487 2037 718 2100 reperies,

198 2117 471 2183 Praecipua
500 2133 617 2167 cura
649 2118 756 2178 fuit,
790 2123 844 2167 ut
876 2119 1174 2183 singulorum
1194 2122 1449 2168 carminum
1483 2138 1613 2169 sum-

0 2249 5 2260 ,
101 2215 221 2247 mam
266 2204 411 2264 atque
462 2201 715 2250 consilium
762 2203 1125 2266 investigarem,
1206 2202 1342 2262 Quae
1390 2206 1513 2252 enim
1563 2206 1613 2251 in

103 2279 349 2346 plerisque
401 2298 528 2331 nunc
568 2283 784 2347 vulgatis
835 2283 1129 2334 editionibus
1178 2301 1267 2352 pro
1318 2289 1614 2351 argumentis

103 2362 415 2424 exhibentur,
457 2365 730 2415 huiusmodi
774 2372 884 2414 sunt
927 2368 1188 2433 pleraque,
1233 2374 1286 2417 ut
1329 2375 1520 2434 poetam
1563 2372 1614 2417 in

15 2504 20 2518 ἰ
103 2444 276 2494 eodem
310 2449 517 2508 carmine
532 2448 706 2497 multas
737 2465 795 2498 ac
826 2448 1050 2499 diversas
1069 2466 1216 2516 saepe
1250 2466 1331 2499 res
1358 2454 1471 2503 sine
1506 2452 1612 2500 ele-

104 2530 268 2592 gantia
301 2532 351 2576 e‘t
383 2528 554 2578 ordine
586 2520 838 2580 miscuisse
884 2538 1027 2596 atque
1061 2532 1342 2582 confudisse
1376 2537 1612 2583 carmina-

13 2642 19 2653 ·
105 2626 198 2675 que
229 2611 354 2661 haec
385 2627 533 2677 saepe
567 2614 829 2662 artificiosa
850 2615 1195 2680 compositione
1216 2631 1385 2664 carere
1402 2616 1611 2665 videau-

21 2706 23 2710 ·
103 2697 194 2741 tur.
262 2693 423 2752 Quare
457 2709 552 2758 ego
583 2710 758 2744 nexum
784 2699 1158 2761 uniuscuiusque
1188 2698 1379 2763 elegiae
1412 2706 1462 2746 et
1495 2702 1611 2747 uui-

15 2767 18 2770 *
87 2779 301 2843 vtatem,
323 2793 460 2841 quam
492 2778 542 2832 in
584 2782 689 2826 arte
733 2780 927 2843 poetica
959 2786 1159 2839 vocant,
1208 2779 1488 2844 diligentius
1533 2783 1609 2829 in-

19 2871 23 2874 *
105 2855 301 2921 dagavi,
332 2865 382 2908 et
413 2875 502 2926 pro
530 2859 832 2927 praefatione
867 2864 914 2909 in
947 2862 1107 2911 fronte
1143 2865 1373 2928 cuiusque
1392 2866 1612 2913 carminis
