<?xml version="1.0" encoding="UTF-8"?>
<!DOCTYPE html PUBLIC "-//W3C//DTD XHTML 1.0 Transitional//EN"
    "http://www.w3.org/TR/xhtml1/DTD/xhtml1-transitional.dtd">
<html xmlns="http://www.w3.org/1999/xhtml" xml:lang="en" lang="en">
 <head>
  <title>
</title>
<meta http-equiv="Content-Type" content="text/html;charset=utf-8" />
  <meta name='ocr-system' content='tesseract 3.04.00' />
  <meta name='ocr-capabilities' content='ocr_page ocr_carea ocr_par ocr_line ocrx_word'/>
</head>
<body>
  <div class='ocr_page' id='page_1' title='image "./tristiumlibriqui00oviduoft_0050.png"; bbox 0 0 1846 3146; ppageno 0'>
   <div class='ocr_carea' id='block_1_1' title="bbox 223 144 1272 211">
    <p class='ocr_par' dir='ltr' id='par_1_1' title="bbox 223 144 1272 211">
     <span class='ocr_line' id='line_1_1' title="bbox 223 144 1272 211; baseline -0.003 -11"><span class='ocrx_word' id='word_1_1' title='bbox 223 148 290 200; x_wconf 76' lang='lat'><strong>12</strong></span> <span class='ocrx_word' id='word_1_2' title='bbox 676 209 685 211; x_wconf 58' lang='lat'>‚</span> <span class='ocrx_word' id='word_1_3' title='bbox 717 144 1272 201; x_wconf 63' lang='grc' dir='ltr'><strong>ΡΙῑΟΙιΕ(ἶτΟΜΕΝΑ.Ι</strong></span> 
     </span>
    </p>
   </div>
   <div class='ocr_carea' id='block_1_2' title="bbox 165 268 1814 2912">
    <p class='ocr_par' dir='ltr' id='par_1_2' title="bbox 165 268 1759 1403">
     <span class='ocr_line' id='line_1_2' title="bbox 225 268 1749 326; baseline -0.001 -14"><span class='ocrx_word' id='word_1_4' title='bbox 225 270 422 326; x_wconf 88' lang='lat' dir='ltr'><strong>elegiaco</strong></span> <span class='ocrx_word' id='word_1_5' title='bbox 449 282 584 313; x_wconf 87' lang='lat' dir='ltr'><strong>sensu</strong></span> <span class='ocrx_word' id='word_1_6' title='bbox 609 271 778 325; x_wconf 88' lang='lat' dir='ltr'><strong>proprio</strong></span> <span class='ocrx_word' id='word_1_7' title='bbox 806 283 861 313; x_wconf 83' lang='lat' dir='ltr'><strong>ac</strong></span> <span class='ocrx_word' id='word_1_8' title='bbox 889 271 1111 326; x_wconf 79' lang='lat' dir='ltr'>strictiori,</span> <span class='ocrx_word' id='word_1_9' title='bbox 1140 269 1184 312; x_wconf 88' lang='lat' dir='ltr'><strong>in</strong></span> <span class='ocrx_word' id='word_1_10' title='bbox 1211 268 1364 325; x_wconf 85' lang='lat' dir='ltr'><strong>quibus</strong></span> <span class='ocrx_word' id='word_1_11' title='bbox 1390 268 1749 313; x_wconf 22' lang='lat' dir='ltr'><strong>hoministafflicti</strong></span> 
     </span>
     <span class='ocr_line' id='line_1_3' title="bbox 224 340 1750 399; baseline -0.001 -15"><span class='ocrx_word' id='word_1_12' title='bbox 224 349 271 384; x_wconf 91' lang='lat' dir='ltr'><strong>et</strong></span> <span class='ocrx_word' id='word_1_13' title='bbox 298 344 342 385; x_wconf 92' lang='lat' dir='ltr'><strong>in</strong></span> <span class='ocrx_word' id='word_1_14' title='bbox 368 344 598 398; x_wconf 86' lang='lat' dir='ltr'><strong>longinquo</strong></span> <span class='ocrx_word' id='word_1_15' title='bbox 628 343 779 385; x_wconf 86' lang='lat' dir='ltr'><strong>exsilio</strong></span> <span class='ocrx_word' id='word_1_16' title='bbox 806 344 1019 399; x_wconf 89' lang='lat' dir='ltr'><strong>gementis</strong></span> <span class='ocrx_word' id='word_1_17' title='bbox 1047 354 1205 385; x_wconf 88' lang='lat' dir='ltr'><strong>sensus</strong></span> <span class='ocrx_word' id='word_1_18' title='bbox 1235 347 1279 383; x_wconf 90' lang='lat' dir='ltr'><strong>et</strong></span> <span class='ocrx_word' id='word_1_19' title='bbox 1305 340 1575 396; x_wconf 86' lang='lat' dir='ltr'><strong>affectiones,</strong></span> <span class='ocrx_word' id='word_1_20' title='bbox 1605 342 1750 397; x_wconf 82' lang='lat' dir='ltr'><strong>queri-</strong></span> 
     </span>
     <span class='ocr_line' id='line_1_4' title="bbox 223 411 1750 471; baseline -0.002 -14"><span class='ocrx_word' id='word_1_21' title='bbox 223 416 408 471; x_wconf 79' lang='lat' dir='ltr'><strong>moniae,</strong></span> <span class='ocrx_word' id='word_1_22' title='bbox 439 426 558 471; x_wconf 88' lang='lat' dir='ltr'><strong>spes,</strong></span> <span class='ocrx_word' id='word_1_23' title='bbox 586 421 692 457; x_wconf 89' lang='lat' dir='ltr'><strong>vota</strong></span> <span class='ocrx_word' id='word_1_24' title='bbox 720 428 775 458; x_wconf 90' lang='lat' dir='ltr'><strong>ac</strong></span> <span class='ocrx_word' id='word_1_25' title='bbox 812 414 1026 457; x_wconf 85' lang='lat' dir='ltr'><strong>desideria</strong></span> <span class='ocrx_word' id='word_1_26' title='bbox 1061 416 1209 465; x_wconf 87' lang='lat' dir='ltr'><strong>leniori</strong></span> <span class='ocrx_word' id='word_1_27' title='bbox 1246 414 1316 454; x_wconf 89' lang='lat' dir='ltr'><strong>illo</strong></span> <span class='ocrx_word' id='word_1_28' title='bbox 1345 418 1473 468; x_wconf 87' lang='lat' dir='ltr'><strong>atque</strong></span> <span class='ocrx_word' id='word_1_29' title='bbox 1501 411 1750 469; x_wconf 79' lang='lat' dir='ltr'><strong>remissiori,</strong></span> 
     </span>
     <span class='ocr_line' id='line_1_5' title="bbox 165 486 1751 548; baseline -0.001 -20"><span class='ocrx_word' id='word_1_30' title='bbox 165 546 168 548; x_wconf 30' lang='grc'>-</span> <span class='ocrx_word' id='word_1_31' title='bbox 224 488 299 542; x_wconf 54' lang='lat' dir='ltr'><strong>qui*</strong></span> <span class='ocrx_word' id='word_1_32' title='bbox 324 489 542 542; x_wconf 84' lang='lat' dir='ltr'><strong>elegorum</strong></span> <span class='ocrx_word' id='word_1_33' title='bbox 571 500 674 529; x_wconf 90' lang='lat' dir='ltr'><strong>esse</strong></span> <span class='ocrx_word' id='word_1_34' title='bbox 701 487 852 543; x_wconf 90' lang='lat' dir='ltr'><strong>debet,</strong></span> <span class='ocrx_word' id='word_1_35' title='bbox 892 488 1094 529; x_wconf 89' lang='lat' dir='ltr'><strong>orationis</strong></span> <span class='ocrx_word' id='word_1_36' title='bbox 1128 486 1273 528; x_wconf 89' lang='lat' dir='ltr'><strong>habitu</strong></span> <span class='ocrx_word' id='word_1_37' title='bbox 1301 497 1356 527; x_wconf 88' lang='lat' dir='ltr'><strong>ac</strong></span> <span class='ocrx_word' id='word_1_38' title='bbox 1383 491 1531 527; x_wconf 88' lang='lat' dir='ltr'><strong>tenore</strong></span> <span class='ocrx_word' id='word_1_39' title='bbox 1558 488 1751 527; x_wconf 81' lang='lat' dir='ltr'><strong>tractan-</strong></span> 
     </span>
     <span class='ocr_line' id='line_1_6' title="bbox 226 545 1750 614; baseline -0.001 -14"><span class='ocrx_word' id='word_1_40' title='bbox 226 565 311 614; x_wconf 84' lang='lat' dir='ltr'><strong>tur3</strong></span> <span class='ocrx_word' id='word_1_41' title='bbox 342 572 478 614; x_wconf 89' lang='lat' dir='ltr'><strong>eaque</strong></span> <span class='ocrx_word' id='word_1_42' title='bbox 507 572 655 601; x_wconf 89' lang='lat' dir='ltr'><strong>rursus</strong></span> <span class='ocrx_word' id='word_1_43' title='bbox 682 572 758 614; x_wconf 93' lang='lat' dir='ltr'><strong>pro</strong></span> <span class='ocrx_word' id='word_1_44' title='bbox 787 559 1039 601; x_wconf 88' lang='lat' dir='ltr'><strong>diversitate</strong></span> <span class='ocrx_word' id='word_1_45' title='bbox 1063 553 1228 600; x_wconf 60' lang='lat' dir='ltr'><strong>‘formae</strong></span> <span class='ocrx_word' id='word_1_46' title='bbox 1242 558 1358 598; x_wconf 87' lang='lat' dir='ltr'><strong>inm</strong></span> <span class='ocrx_word' id='word_1_47' title='bbox 1377 555 1617 598; x_wconf 88' lang='lat' dir='ltr'><strong>dividuntur</strong></span> <span class='ocrx_word' id='word_1_48' title='bbox 1632 545 1750 599; x_wconf 62' lang='lat' dir='ltr'><strong>clas-</strong></span> 
     </span>
     <span class='ocr_line' id='line_1_7' title="bbox 226 630 1752 685; baseline -0.002 -12"><span class='ocrx_word' id='word_1_49' title='bbox 226 644 315 673; x_wconf 84' lang='lat' dir='ltr'><strong>ses.</strong></span> <span class='ocrx_word' id='word_1_50' title='bbox 365 632 476 673; x_wconf 85' lang='lat' dir='ltr'><strong>Sunt</strong></span> <span class='ocrx_word' id='word_1_51' title='bbox 504 632 616 673; x_wconf 92' lang='lat' dir='ltr'><strong>enim</strong></span> <span class='ocrx_word' id='word_1_52' title='bbox 645 632 729 674; x_wconf 88' lang='lat' dir='ltr'><strong>alia</strong></span> <span class='ocrx_word' id='word_1_53' title='bbox 756 631 812 673; x_wconf 89' lang='lat' dir='ltr'><strong>ad</strong></span> <span class='ocrx_word' id='word_1_54' title='bbox 840 643 1030 683; x_wconf 86' lang='lat' dir='ltr'><strong>uxorem,</strong></span> <span class='ocrx_word' id='word_1_55' title='bbox 1060 631 1144 671; x_wconf 90' lang='lat' dir='ltr'><strong>alia</strong></span> <span class='ocrx_word' id='word_1_56' title='bbox 1172 630 1227 671; x_wconf 91' lang='lat' dir='ltr'><strong>ad</strong></span> <span class='ocrx_word' id='word_1_57' title='bbox 1255 631 1434 685; x_wconf 88' lang='lat' dir='ltr'><strong>amicos,</strong></span> <span class='ocrx_word' id='word_1_58' title='bbox 1465 642 1639 684; x_wconf 88' lang='lat' dir='ltr'><strong>quorum</strong></span> <span class='ocrx_word' id='word_1_59' title='bbox 1669 640 1752 670; x_wconf 89' lang='lat' dir='ltr'><strong>no-</strong></span> 
     </span>
     <span class='ocr_line' id='line_1_8' title="bbox 225 701 1751 759; baseline -0.002 -14"><span class='ocrx_word' id='word_1_60' title='bbox 225 704 341 745; x_wconf 90' lang='lat' dir='ltr'><strong>mina</strong></span> <span class='ocrx_word' id='word_1_61' title='bbox 364 704 610 758; x_wconf 81' lang='lat' dir='ltr'><strong>reticentur,</strong></span> <span class='ocrx_word' id='word_1_62' title='bbox 639 704 683 744; x_wconf 91' lang='lat' dir='ltr'><strong>in</strong></span> <span class='ocrx_word' id='word_1_63' title='bbox 712 703 808 745; x_wconf 90' lang='lat' dir='ltr'><strong>aliis</strong></span> <span class='ocrx_word' id='word_1_64' title='bbox 833 703 981 744; x_wconf 88' lang='lat' dir='ltr'><strong>varios</strong></span> <span class='ocrx_word' id='word_1_65' title='bbox 994 715 1151 744; x_wconf 90' lang='lat' dir='ltr'><strong>sensus</strong></span> <span class='ocrx_word' id='word_1_66' title='bbox 1165 715 1268 744; x_wconf 89' lang='lat' dir='ltr'><strong>suos</strong></span> <span class='ocrx_word' id='word_1_67' title='bbox 1284 714 1338 743; x_wconf 88' lang='lat' dir='ltr'><strong>ac</strong></span> <span class='ocrx_word' id='word_1_68' title='bbox 1359 701 1527 759; x_wconf 81' lang='lat' dir='ltr'><strong>dolores</strong></span> <span class='ocrx_word' id='word_1_69' title='bbox 1549 701 1751 743; x_wconf 85' lang='lat' dir='ltr'><strong>describit</strong></span> 
     </span>
     <span class='ocr_line' id='line_1_9' title="bbox 225 773 1755 831; baseline -0.004 -13"><span class='ocrx_word' id='word_1_70' title='bbox 225 781 461 831; x_wconf 75' lang='lat' dir='ltr'><strong>secumque</strong></span> <span class='ocrx_word' id='word_1_71' title='bbox 488 776 584 830; x_wconf 89' lang='lat' dir='ltr'><strong>ipse</strong></span> <span class='ocrx_word' id='word_1_72' title='bbox 614 775 810 830; x_wconf 88' lang='lat' dir='ltr'><strong>queritur.</strong></span> <span class='ocrx_word' id='word_1_73' title='bbox 866 775 1015 816; x_wconf 91' lang='lat' dir='ltr'><strong>Altera</strong></span> <span class='ocrx_word' id='word_1_74' title='bbox 1035 787 1179 815; x_wconf 90' lang='lat' dir='ltr'><strong>eorum</strong></span> <span class='ocrx_word' id='word_1_75' title='bbox 1195 787 1297 828; x_wconf 89' lang='lat' dir='ltr'><strong>pars</strong></span> <span class='ocrx_word' id='word_1_76' title='bbox 1325 774 1416 815; x_wconf 86' lang='lat' dir='ltr'><strong>fere</strong></span> <span class='ocrx_word' id='word_1_77' title='bbox 1443 773 1755 815; x_wconf 81' lang='lat' dir='ltr'><strong>narrationibus</strong></span> 
     </span>
     <span class='ocr_line' id='line_1_10' title="bbox 225 845 1755 902; baseline -0.001 -15"><span class='ocrx_word' id='word_1_78' title='bbox 225 848 411 901; x_wconf 71' lang='lat' dir='ltr'><strong>poeticis</strong></span> <span class='ocrx_word' id='word_1_79' title='bbox 440 846 780 901; x_wconf 80' lang='lat' dir='ltr'><strong>adnumeranda,</strong></span> <span class='ocrx_word' id='word_1_80' title='bbox 810 847 932 888; x_wconf 90' lang='lat' dir='ltr'><strong>velut</strong></span> <span class='ocrx_word' id='word_1_81' title='bbox 959 847 995 902; x_wconf 93' lang='lat' dir='ltr'><strong>I,</strong></span> <span class='ocrx_word' id='word_1_82' title='bbox 1027 845 1092 887; x_wconf 90' lang='lat'><strong>10.</strong></span> <span class='ocrx_word' id='word_1_83' title='bbox 1121 847 1165 886; x_wconf 90' lang='lat' dir='ltr'><strong>in</strong></span> <span class='ocrx_word' id='word_1_84' title='bbox 1199 858 1280 900; x_wconf 93' lang='lat' dir='ltr'><strong>quo</strong></span> <span class='ocrx_word' id='word_1_85' title='bbox 1316 846 1396 886; x_wconf 87' lang='lat' dir='ltr'><strong>iter</strong></span> <span class='ocrx_word' id='word_1_86' title='bbox 1427 846 1600 886; x_wconf 88' lang='lat' dir='ltr'><strong>alterius</strong></span> <span class='ocrx_word' id='word_1_87' title='bbox 1627 845 1755 886; x_wconf 82' lang='lat' dir='ltr'><strong>navis</strong></span> 
     </span>
     <span class='ocr_line' id='line_1_11' title="bbox 225 915 1753 975; baseline -0.003 -14"><span class='ocrx_word' id='word_1_88' title='bbox 225 932 335 961; x_wconf 89' lang='lat' dir='ltr'><strong>suae</strong></span> <span class='ocrx_word' id='word_1_89' title='bbox 365 919 583 975; x_wconf 76' lang='lat' dir='ltr'><strong>describit,</strong></span> <span class='ocrx_word' id='word_1_90' title='bbox 613 919 700 975; x_wconf 91' lang='lat' dir='ltr'><strong>IV,</strong></span> <span class='ocrx_word' id='word_1_91' title='bbox 740 918 807 962; x_wconf 90' lang='grc'><strong>10.</strong></span> <span class='ocrx_word' id='word_1_92' title='bbox 846 920 890 960; x_wconf 91' lang='lat' dir='ltr'><strong>in</strong></span> <span class='ocrx_word' id='word_1_93' title='bbox 921 931 1003 973; x_wconf 93' lang='lat' dir='ltr'><strong>quo</strong></span> <span class='ocrx_word' id='word_1_94' title='bbox 1043 918 1097 959; x_wconf 90' lang='lat' dir='ltr'><strong>de</strong></span> <span class='ocrx_word' id='word_1_95' title='bbox 1125 919 1216 959; x_wconf 90' lang='lat' dir='ltr'><strong>vita</strong></span> <span class='ocrx_word' id='word_1_96' title='bbox 1244 930 1323 959; x_wconf 92' lang='lat' dir='ltr'><strong>sua</strong></span> <span class='ocrx_word' id='word_1_97' title='bbox 1351 918 1547 972; x_wconf 85' lang='lat' dir='ltr'><strong>exponit,</strong></span> <span class='ocrx_word' id='word_1_98' title='bbox 1582 917 1669 971; x_wconf 90' lang='lat'><strong>111,</strong></span> <span class='ocrx_word' id='word_1_99' title='bbox 1710 915 1753 957; x_wconf 82' lang='lat'><strong>9.</strong></span> 
     </span>
     <span class='ocr_line' id='line_1_12' title="bbox 226 988 1752 1046; baseline -0.003 -14"><span class='ocrx_word' id='word_1_100' title='bbox 226 991 271 1032; x_wconf 93' lang='lat' dir='ltr'><strong>in</strong></span> <span class='ocrx_word' id='word_1_101' title='bbox 300 1004 381 1046; x_wconf 93' lang='lat' dir='ltr'><strong>quo</strong></span> <span class='ocrx_word' id='word_1_102' title='bbox 410 992 531 1032; x_wconf 83' lang='lat' dir='ltr'><strong>Tomi</strong></span> <span class='ocrx_word' id='word_1_103' title='bbox 566 990 680 1032; x_wconf 90' lang='lat' dir='ltr'><strong>unde</strong></span> <span class='ocrx_word' id='word_1_104' title='bbox 717 1003 871 1031; x_wconf 91' lang='lat' dir='ltr'><strong>nomen</strong></span> <span class='ocrx_word' id='word_1_105' title='bbox 908 995 1107 1044; x_wconf 86' lang='lat' dir='ltr'><strong>teneant,</strong></span> <span class='ocrx_word' id='word_1_106' title='bbox 1148 995 1362 1044; x_wconf 85' lang='lat' dir='ltr'><strong>narratur,</strong></span> <span class='ocrx_word' id='word_1_107' title='bbox 1405 990 1485 1046; x_wconf 83' lang='lat' dir='ltr'><strong>IV,</strong></span> <span class='ocrx_word' id='word_1_108' title='bbox 1522 988 1562 1030; x_wconf 75' lang='lat'><strong>2.</strong></span> <span class='ocrx_word' id='word_1_109' title='bbox 1597 988 1643 1028; x_wconf 85' lang='lat' dir='ltr'><strong>in</strong></span> <span class='ocrx_word' id='word_1_110' title='bbox 1670 999 1752 1042; x_wconf 93' lang='lat' dir='ltr'><strong>quo</strong></span> 
     </span>
     <span class='ocr_line' id='line_1_13' title="bbox 226 1054 1756 1117; baseline -0.001 -13"><span class='ocrx_word' id='word_1_111' title='bbox 226 1054 384 1104; x_wconf 81' lang='lat' dir='ltr'><strong>&#39;riberii</strong></span> <span class='ocrx_word' id='word_1_112' title='bbox 414 1063 648 1117; x_wconf 69' lang='lat' dir='ltr'><strong>tsiumphus</strong></span> <span class='ocrx_word' id='word_1_113' title='bbox 678 1062 942 1104; x_wconf 86' lang='lat' dir='ltr'><strong>describitur.</strong></span> <span class='ocrx_word' id='word_1_114' title='bbox 1006 1061 1135 1102; x_wconf 87' lang='lat' dir='ltr'><strong>Liber</strong></span> <span class='ocrx_word' id='word_1_115' title='bbox 1171 1061 1352 1115; x_wconf 89' lang='lat' dir='ltr'><strong>denique</strong></span> <span class='ocrx_word' id='word_1_116' title='bbox 1385 1061 1454 1115; x_wconf 78' lang='lat' dir='ltr'><strong>IL,</strong></span> <span class='ocrx_word' id='word_1_117' title='bbox 1491 1060 1535 1101; x_wconf 88' lang='lat' dir='ltr'><strong>in</strong></span> <span class='ocrx_word' id='word_1_118' title='bbox 1563 1072 1644 1114; x_wconf 92' lang='lat' dir='ltr'><strong>quo</strong></span> <span class='ocrx_word' id='word_1_119' title='bbox 1674 1072 1756 1102; x_wconf 87' lang='lat' dir='ltr'><strong>ex-</strong></span> 
     </span>
     <span class='ocr_line' id='line_1_14' title="bbox 226 1132 1754 1190; baseline -0.002 -15"><span class='ocrx_word' id='word_1_120' title='bbox 226 1136 385 1190; x_wconf 87' lang='lat' dir='ltr'><strong>plicate</strong></span> <span class='ocrx_word' id='word_1_121' title='bbox 414 1135 582 1188; x_wconf 90' lang='lat' dir='ltr'><strong>culpam</strong></span> <span class='ocrx_word' id='word_1_122' title='bbox 610 1147 733 1176; x_wconf 88' lang='lat' dir='ltr'><strong>suam</strong></span> <span class='ocrx_word' id='word_1_123' title='bbox 762 1133 875 1188; x_wconf 90' lang='lat' dir='ltr'><strong>apud</strong></span> <span class='ocrx_word' id='word_1_124' title='bbox 902 1133 1143 1186; x_wconf 89' lang='lat' dir='ltr'><strong>Principem</strong></span> <span class='ocrx_word' id='word_1_125' title='bbox 1173 1133 1378 1187; x_wconf 87' lang='lat' dir='ltr'><strong>defendit,</strong></span> <span class='ocrx_word' id='word_1_126' title='bbox 1407 1133 1567 1173; x_wconf 89' lang='lat' dir='ltr'><strong>rectius</strong></span> <span class='ocrx_word' id='word_1_127' title='bbox 1591 1132 1649 1172; x_wconf 91' lang='lat' dir='ltr'><strong>illi</strong></span> <span class='ocrx_word' id='word_1_128' title='bbox 1669 1144 1754 1187; x_wconf 88' lang='lat' dir='ltr'><strong>ge-</strong></span> 
     </span>
     <span class='ocr_line' id='line_1_15' title="bbox 227 1205 1759 1262; baseline -0.001 -15"><span class='ocrx_word' id='word_1_129' title='bbox 227 1207 320 1247; x_wconf 91' lang='lat' dir='ltr'><strong>neri</strong></span> <span class='ocrx_word' id='word_1_130' title='bbox 350 1206 619 1262; x_wconf 87' lang='lat' dir='ltr'><strong>adscribitur,</strong></span> <span class='ocrx_word' id='word_1_131' title='bbox 650 1206 763 1261; x_wconf 92' lang='lat' dir='ltr'><strong>quod</strong></span> <span class='ocrx_word' id='word_1_132' title='bbox 790 1207 833 1246; x_wconf 90' lang='lat' dir='ltr'><strong>in</strong></span> <span class='ocrx_word' id='word_1_133' title='bbox 862 1211 954 1247; x_wconf 88' lang='lat' dir='ltr'><strong>arte</strong></span> <span class='ocrx_word' id='word_1_134' title='bbox 982 1205 1154 1258; x_wconf 72' lang='lat' dir='ltr'><strong>poetica</strong></span> <span class='ocrx_word' id='word_1_135' title='bbox 1181 1205 1435 1245; x_wconf 76' lang='lat' dir='ltr'><strong>didacticum</strong></span> <span class='ocrx_word' id='word_1_136' title='bbox 1454 1208 1651 1258; x_wconf 86' lang='lat' dir='ltr'><strong>vocatur,</strong></span> <span class='ocrx_word' id='word_1_137' title='bbox 1674 1215 1759 1245; x_wconf 86' lang='lat' dir='ltr'><strong>nec</strong></span> 
     </span>
     <span class='ocr_line' id='line_1_16' title="bbox 226 1275 1757 1332; baseline -0.003 -13"><span class='ocrx_word' id='word_1_138' title='bbox 226 1278 514 1320; x_wconf 81' lang='lat' dir='ltr'><strong>siexordium</strong></span> <span class='ocrx_word' id='word_1_139' title='bbox 543 1283 587 1319; x_wconf 85' lang='lat' dir='ltr'><strong>et</strong></span> <span class='ocrx_word' id='word_1_140' title='bbox 614 1278 742 1319; x_wconf 90' lang='lat' dir='ltr'><strong>finem</strong></span> <span class='ocrx_word' id='word_1_141' title='bbox 773 1277 982 1332; x_wconf 86' lang='lat' dir='ltr'><strong>excipias,</strong></span> <span class='ocrx_word' id='word_1_142' title='bbox 1004 1277 1095 1318; x_wconf 86' lang='lat' dir='ltr'><strong>fere</strong></span> <span class='ocrx_word' id='word_1_143' title='bbox 1120 1278 1344 1331; x_wconf 85' lang='lat' dir='ltr'><strong>quicquam</strong></span> <span class='ocrx_word' id='word_1_144' title='bbox 1361 1289 1457 1318; x_wconf 90' lang='lat' dir='ltr'><strong>cum</strong></span> <span class='ocrx_word' id='word_1_145' title='bbox 1479 1275 1622 1330; x_wconf 86' lang='lat' dir='ltr'><strong>elegia</strong></span> <span class='ocrx_word' id='word_1_146' title='bbox 1635 1287 1757 1316; x_wconf 92' lang='lat' dir='ltr'><strong>com-</strong></span> 
     </span>
     <span class='ocr_line' id='line_1_17' title="bbox 227 1349 1288 1403; baseline -0.001 -13"><span class='ocrx_word' id='word_1_147' title='bbox 227 1362 355 1390; x_wconf 90' lang='lat' dir='ltr'><strong>mune</strong></span> <span class='ocrx_word' id='word_1_148' title='bbox 383 1349 514 1391; x_wconf 91' lang='lat' dir='ltr'><strong>habet</strong></span> <span class='ocrx_word' id='word_1_149' title='bbox 540 1355 711 1403; x_wconf 89' lang='lat' dir='ltr'><strong>praeter</strong></span> <span class='ocrx_word' id='word_1_150' title='bbox 738 1349 978 1391; x_wconf 89' lang='lat' dir='ltr'><strong>versiculos</strong></span> <span class='ocrx_word' id='word_1_151' title='bbox 1007 1354 1051 1390; x_wconf 90' lang='lat' dir='ltr'><strong>et</strong></span> <span class='ocrx_word' id='word_1_152' title='bbox 1077 1361 1288 1390; x_wconf 89' lang='lat' dir='ltr'><strong>numeros.</strong></span> 
     </span>
    </p>

    <p class='ocr_par' dir='ltr' id='par_1_3' title="bbox 227 1417 1814 2912">
     <span class='ocr_line' id='line_1_18' title="bbox 337 1417 1762 1471; baseline -0.001 -10"><span class='ocrx_word' id='word_1_153' title='bbox 337 1421 405 1461; x_wconf 91' lang='lat' dir='ltr'><strong>De</strong></span> <span class='ocrx_word' id='word_1_154' title='bbox 433 1420 627 1463; x_wconf 89' lang='lat' dir='ltr'><strong>laudibus</strong></span> <span class='ocrx_word' id='word_1_155' title='bbox 655 1421 803 1464; x_wconf 88' lang='lat' dir='ltr'><strong>horum</strong></span> <span class='ocrx_word' id='word_1_156' title='bbox 831 1421 1063 1471; x_wconf 87' lang='lat' dir='ltr'><strong>carminum</strong></span> <span class='ocrx_word' id='word_1_157' title='bbox 1100 1426 1147 1461; x_wconf 92' lang='lat' dir='ltr'><strong>ut</strong></span> <span class='ocrx_word' id='word_1_158' title='bbox 1185 1420 1372 1471; x_wconf 88' lang='lat' dir='ltr'><strong>dicatur,</strong></span> <span class='ocrx_word' id='word_1_159' title='bbox 1411 1417 1762 1462; x_wconf 86' lang='lat' dir='ltr'><strong>commendantur</strong></span> 
     </span>
     <span class='ocr_line' id='line_1_19' title="bbox 230 1489 1762 1546; baseline -0.001 -14"><span class='ocrx_word' id='word_1_160' title='bbox 230 1504 285 1532; x_wconf 84' lang='lat' dir='ltr'><strong>ea</strong></span> <span class='ocrx_word' id='word_1_161' title='bbox 313 1491 515 1546; x_wconf 89' lang='lat' dir='ltr'><strong>primum,</strong></span> <span class='ocrx_word' id='word_1_162' title='bbox 552 1498 599 1533; x_wconf 88' lang='lat' dir='ltr'><strong>ut</strong></span> <span class='ocrx_word' id='word_1_163' title='bbox 639 1492 833 1533; x_wconf 88' lang='lat' dir='ltr'><strong>Nasonis</strong></span> <span class='ocrx_word' id='word_1_164' title='bbox 870 1504 1002 1544; x_wconf 88' lang='lat' dir='ltr'><strong>opera</strong></span> <span class='ocrx_word' id='word_1_165' title='bbox 1030 1491 1123 1531; x_wconf 86' lang='lat' dir='ltr'><strong>fere</strong></span> <span class='ocrx_word' id='word_1_166' title='bbox 1153 1492 1317 1546; x_wconf 89' lang='lat' dir='ltr'><strong>omnia,</strong></span> <span class='ocrx_word' id='word_1_167' title='bbox 1354 1491 1469 1546; x_wconf 84' lang='lat' dir='ltr'><strong>felici</strong></span> <span class='ocrx_word' id='word_1_168' title='bbox 1501 1489 1684 1545; x_wconf 89' lang='lat' dir='ltr'><strong>quadam</strong></span> <span class='ocrx_word' id='word_1_169' title='bbox 1711 1489 1762 1530; x_wconf 73' lang='lat' dir='ltr'><strong>vi</strong></span> 
     </span>
     <span class='ocr_line' id='line_1_20' title="bbox 228 1562 1760 1618; baseline 0 -15"><span class='ocrx_word' id='word_1_170' title='bbox 228 1563 475 1604; x_wconf 90' lang='lat' dir='ltr'><strong>inveniendi</strong></span> <span class='ocrx_word' id='word_1_171' title='bbox 503 1568 632 1617; x_wconf 91' lang='lat' dir='ltr'><strong>atque</strong></span> <span class='ocrx_word' id='word_1_172' title='bbox 662 1562 948 1618; x_wconf 89' lang='lat' dir='ltr'><strong>excogitandi.</strong></span> <span class='ocrx_word' id='word_1_173' title='bbox 1013 1562 1129 1603; x_wconf 88' lang='lat' dir='ltr'><strong>Nam</strong></span> <span class='ocrx_word' id='word_1_174' title='bbox 1164 1568 1226 1618; x_wconf 89' lang='lat' dir='ltr'><strong>ut,</strong></span> <span class='ocrx_word' id='word_1_175' title='bbox 1258 1563 1445 1617; x_wconf 82' lang='lat' dir='ltr'><strong>eleganti</strong></span> <span class='ocrx_word' id='word_1_176' title='bbox 1477 1563 1546 1603; x_wconf 92' lang='lat' dir='ltr'><strong>illo</strong></span> <span class='ocrx_word' id='word_1_177' title='bbox 1574 1563 1760 1603; x_wconf 84' lang='lat' dir='ltr'><strong>maximo</strong></span> 
     </span>
     <span class='ocr_line' id='line_1_21' title="bbox 229 1633 1760 1690; baseline 0 -15"><span class='ocrx_word' id='word_1_178' title='bbox 229 1635 285 1676; x_wconf 89' lang='lat' dir='ltr'><strong>ad</strong></span> <span class='ocrx_word' id='word_1_179' title='bbox 313 1635 557 1690; x_wconf 90' lang='lat' dir='ltr'><strong>Augustum</strong></span> <span class='ocrx_word' id='word_1_180' title='bbox 586 1635 773 1677; x_wconf 90' lang='lat' dir='ltr'><strong>carmine</strong></span> <span class='ocrx_word' id='word_1_181' title='bbox 800 1634 893 1675; x_wconf 93' lang='lat' dir='ltr'><strong>libri</strong></span> <span class='ocrx_word' id='word_1_182' title='bbox 921 1633 1099 1675; x_wconf 87' lang='lat' dir='ltr'><strong>secundi</strong></span> <span class='ocrx_word' id='word_1_183' title='bbox 1129 1639 1172 1675; x_wconf 88' lang='lat' dir='ltr'><strong>et</strong></span> <span class='ocrx_word' id='word_1_184' title='bbox 1201 1634 1296 1675; x_wconf 84' lang='lat' dir='ltr'><strong>aliis</strong></span> <span class='ocrx_word' id='word_1_185' title='bbox 1326 1635 1521 1689; x_wconf 90' lang='lat' dir='ltr'><strong>omissis,</strong></span> <span class='ocrx_word' id='word_1_186' title='bbox 1561 1634 1615 1675; x_wconf 91' lang='lat' dir='ltr'><strong>de</strong></span> <span class='ocrx_word' id='word_1_187' title='bbox 1653 1633 1760 1675; x_wconf 85' lang='lat' dir='ltr'><strong>solis</strong></span> 
     </span>
     <span class='ocr_line' id='line_1_22' title="bbox 227 1704 1761 1762; baseline -0.001 -14"><span class='ocrx_word' id='word_1_188' title='bbox 227 1708 280 1749; x_wconf 90' lang='lat' dir='ltr'><strong>iis</strong></span> <span class='ocrx_word' id='word_1_189' title='bbox 312 1707 475 1748; x_wconf 90' lang='lat' dir='ltr'><strong>dicatur</strong></span> <span class='ocrx_word' id='word_1_190' title='bbox 505 1708 660 1762; x_wconf 87' lang='lat' dir='ltr'><strong>elegis,</strong></span> <span class='ocrx_word' id='word_1_191' title='bbox 694 1706 765 1760; x_wconf 93' lang='lat' dir='ltr'><strong>qui</strong></span> <span class='ocrx_word' id='word_1_192' title='bbox 793 1711 893 1747; x_wconf 90' lang='lat' dir='ltr'><strong>sunt</strong></span> <span class='ocrx_word' id='word_1_193' title='bbox 921 1704 975 1745; x_wconf 87' lang='lat' dir='ltr'><strong>de</strong></span> <span class='ocrx_word' id='word_1_194' title='bbox 1004 1705 1170 1760; x_wconf 84' lang='lat' dir='ltr'><strong>exsilio,</strong></span> <span class='ocrx_word' id='word_1_195' title='bbox 1201 1718 1287 1746; x_wconf 91' lang='lat' dir='ltr'><strong>non</strong></span> <span class='ocrx_word' id='word_1_196' title='bbox 1312 1704 1538 1747; x_wconf 83' lang='lat' dir='ltr'><strong>mediocris</strong></span> <span class='ocrx_word' id='word_1_197' title='bbox 1565 1706 1761 1759; x_wconf 90' lang='lat' dir='ltr'><strong>profecto</strong></span> 
     </span>
     <span class='ocr_line' id='line_1_23' title="bbox 229 1777 1762 1831; baseline -0.001 -12"><span class='ocrx_word' id='word_1_198' title='bbox 229 1784 298 1819; x_wconf 87' lang='lat' dir='ltr'><strong>est</strong></span> <span class='ocrx_word' id='word_1_199' title='bbox 342 1779 398 1819; x_wconf 89' lang='lat' dir='ltr'><strong>ad</strong></span> <span class='ocrx_word' id='word_1_200' title='bbox 436 1779 725 1820; x_wconf 89' lang='lat' dir='ltr'><strong>inventionem</strong></span> <span class='ocrx_word' id='word_1_201' title='bbox 764 1777 998 1831; x_wconf 87' lang='lat' dir='ltr'><strong>facultatis,</strong></span> <span class='ocrx_word' id='word_1_202' title='bbox 1040 1781 1102 1818; x_wconf 85' lang='lat' dir='ltr'><strong>tot</strong></span> <span class='ocrx_word' id='word_1_203' title='bbox 1142 1782 1312 1831; x_wconf 89' lang='lat' dir='ltr'><strong>tamque</strong></span> <span class='ocrx_word' id='word_1_204' title='bbox 1340 1777 1523 1818; x_wconf 55' lang='lat' dir='ltr'><strong>diversa*</strong></span> <span class='ocrx_word' id='word_1_205' title='bbox 1542 1778 1762 1831; x_wconf 85' lang='lat' dir='ltr'><strong>elegorum</strong></span> 
     </span>
     <span class='ocr_line' id='line_1_24' title="bbox 229 1849 1760 1905; baseline -0.001 -14"><span class='ocrx_word' id='word_1_206' title='bbox 229 1856 481 1905; x_wconf 87' lang='lat' dir='ltr'><strong>argumenta</strong></span> <span class='ocrx_word' id='word_1_207' title='bbox 510 1863 564 1890; x_wconf 86' lang='lat' dir='ltr'><strong>ex</strong></span> <span class='ocrx_word' id='word_1_208' title='bbox 592 1862 678 1890; x_wconf 90' lang='lat' dir='ltr'><strong>una</strong></span> <span class='ocrx_word' id='word_1_209' title='bbox 706 1849 870 1890; x_wconf 83' lang='lat' dir='ltr'><strong>afflicta</strong></span> <span class='ocrx_word' id='word_1_210' title='bbox 898 1849 1060 1889; x_wconf 85' lang='lat' dir='ltr'><strong>exsulis</strong></span> <span class='ocrx_word' id='word_1_211' title='bbox 1089 1849 1330 1891; x_wconf 89' lang='lat' dir='ltr'><strong>conditione</strong></span> <span class='ocrx_word' id='word_1_212' title='bbox 1353 1849 1520 1903; x_wconf 90' lang='lat' dir='ltr'><strong>locique</strong></span> <span class='ocrx_word' id='word_1_213' title='bbox 1540 1849 1760 1904; x_wconf 83' lang='lat' dir='ltr'><strong>iniquitate</strong></span> 
     </span>
     <span class='ocr_line' id='line_1_25' title="bbox 228 1911 1762 1975; baseline -0.001 -13"><span class='ocrx_word' id='word_1_214' title='bbox 228 1927 439 1975; x_wconf 86' lang='lat' dir='ltr'><strong>repetere.</strong></span> <span class='ocrx_word' id='word_1_215' title='bbox 496 1920 587 1962; x_wconf 89' lang='lat' dir='ltr'><strong>Sed</strong></span> <span class='ocrx_word' id='word_1_216' title='bbox 616 1920 671 1960; x_wconf 90' lang='lat' dir='ltr'><strong>de</strong></span> <span class='ocrx_word' id='word_1_217' title='bbox 698 1920 781 1961; x_wconf 90' lang='lat' dir='ltr'><strong>hoc</strong></span> <span class='ocrx_word' id='word_1_218' title='bbox 808 1921 904 1961; x_wconf 89' lang='lat' dir='ltr'><strong>loco</strong></span> <span class='ocrx_word' id='word_1_219' title='bbox 933 1920 1044 1961; x_wconf 88' lang='lat' dir='ltr'><strong>infra</strong></span> <span class='ocrx_word' id='word_1_220' title='bbox 1084 1921 1271 1973; x_wconf 89' lang='lat' dir='ltr'><strong>pluribus</strong></span> <span class='ocrx_word' id='word_1_221' title='bbox 1304 1920 1466 1962; x_wconf 86' lang='lat' dir='ltr'><strong>dicetur</strong></span> <span class='ocrx_word' id='word_1_222' title='bbox 1494 1927 1540 1962; x_wconf 90' lang='lat' dir='ltr'><strong>et</strong></span> <span class='ocrx_word' id='word_1_223' title='bbox 1567 1911 1762 1974; x_wconf 57' lang='lat' dir='ltr'><strong>explica-</strong></span> 
     </span>
     <span class='ocr_line' id='line_1_26' title="bbox 229 1990 1762 2047; baseline -0.001 -12"><span class='ocrx_word' id='word_1_224' title='bbox 229 1995 326 2035; x_wconf 89' lang='lat' dir='ltr'><strong>tius.</strong></span> <span class='ocrx_word' id='word_1_225' title='bbox 383 1992 567 2035; x_wconf 89' lang='lat' dir='ltr'><strong>Accedit</strong></span> <span class='ocrx_word' id='word_1_226' title='bbox 594 1992 822 2047; x_wconf 88' lang='lat' dir='ltr'><strong>singularis</strong></span> <span class='ocrx_word' id='word_1_227' title='bbox 850 1992 937 2046; x_wconf 92' lang='lat' dir='ltr'><strong>illa,</strong></span> <span class='ocrx_word' id='word_1_228' title='bbox 969 2004 1053 2045; x_wconf 88' lang='lat' dir='ltr'><strong>qua</strong></span> <span class='ocrx_word' id='word_1_229' title='bbox 1083 1990 1262 2032; x_wconf 90' lang='lat' dir='ltr'><strong>Ovidius</strong></span> <span class='ocrx_word' id='word_1_230' title='bbox 1281 1992 1390 2032; x_wconf 89' lang='lat' dir='ltr'><strong>inter</strong></span> <span class='ocrx_word' id='word_1_231' title='bbox 1407 1995 1562 2045; x_wconf 74' lang='lat' dir='ltr'><strong>poetas</strong></span> <span class='ocrx_word' id='word_1_232' title='bbox 1580 1992 1762 2034; x_wconf 81' lang='lat' dir='ltr'><strong>Latinos</strong></span> 
     </span>
     <span class='ocr_line' id='line_1_27' title="bbox 231 2054 1763 2122; baseline -0.001 -16"><span class='ocrx_word' id='word_1_233' title='bbox 231 2066 414 2122; x_wconf 81' lang='lat' dir='ltr'><strong>eminet,</strong></span> <span class='ocrx_word' id='word_1_234' title='bbox 455 2064 657 2105; x_wconf 88' lang='lat' dir='ltr'><strong>alacritas</strong></span> <span class='ocrx_word' id='word_1_235' title='bbox 695 2054 976 2117; x_wconf 89' lang='lat' dir='ltr'><strong>imaginandi,</strong></span> <span class='ocrx_word' id='word_1_236' title='bbox 1017 2063 1333 2117; x_wconf 87' lang='lat' dir='ltr'><strong>orationemque</strong></span> <span class='ocrx_word' id='word_1_237' title='bbox 1377 2064 1490 2104; x_wconf 89' lang='lat' dir='ltr'><strong>omni</strong></span> <span class='ocrx_word' id='word_1_238' title='bbox 1532 2062 1763 2117; x_wconf 84' lang='lat' dir='ltr'><strong>splendore</strong></span> 
     </span>
     <span class='ocr_line' id='line_1_28' title="bbox 231 2134 1764 2191; baseline -0.001 -13"><span class='ocrx_word' id='word_1_239' title='bbox 231 2137 424 2191; x_wconf 83' lang='lat' dir='ltr'><strong>ornandi,</strong></span> <span class='ocrx_word' id='word_1_240' title='bbox 455 2148 527 2177; x_wconf 89' lang='lat' dir='ltr'><strong>res</strong></span> <span class='ocrx_word' id='word_1_241' title='bbox 555 2137 627 2176; x_wconf 92' lang='lat' dir='ltr'><strong>vel</strong></span> <span class='ocrx_word' id='word_1_242' title='bbox 652 2135 968 2177; x_wconf 88' lang='lat' dir='ltr'><strong>diversissimas</strong></span> <span class='ocrx_word' id='word_1_243' title='bbox 985 2135 1165 2176; x_wconf 86' lang='lat' dir='ltr'><strong>feliciter</strong></span> <span class='ocrx_word' id='word_1_244' title='bbox 1187 2134 1471 2189; x_wconf 81' lang='lat' dir='ltr'><strong>coniungendi</strong></span> <span class='ocrx_word' id='word_1_245' title='bbox 1493 2135 1764 2189; x_wconf 87' lang='lat' dir='ltr'><strong>latentesque</strong></span> 
     </span>
     <span class='ocr_line' id='line_1_29' title="bbox 228 2206 1762 2262; baseline -0.002 -12"><span class='ocrx_word' id='word_1_246' title='bbox 228 2210 272 2250; x_wconf 90' lang='lat' dir='ltr'><strong>in</strong></span> <span class='ocrx_word' id='word_1_247' title='bbox 289 2210 342 2250; x_wconf 90' lang='lat' dir='ltr'><strong>iis</strong></span> <span class='ocrx_word' id='word_1_248' title='bbox 367 2208 661 2249; x_wconf 89' lang='lat' dir='ltr'><strong>similitudines</strong></span> <span class='ocrx_word' id='word_1_249' title='bbox 680 2220 734 2249; x_wconf 91' lang='lat' dir='ltr'><strong>ac</strong></span> <span class='ocrx_word' id='word_1_250' title='bbox 748 2207 935 2248; x_wconf 90' lang='lat' dir='ltr'><strong>rationes</strong></span> <span class='ocrx_word' id='word_1_251' title='bbox 963 2206 1264 2262; x_wconf 87' lang='lat' dir='ltr'><strong>investigandi.</strong></span> <span class='ocrx_word' id='word_1_252' title='bbox 1306 2206 1404 2248; x_wconf 90' lang='lat' dir='ltr'><strong>Huc</strong></span> <span class='ocrx_word' id='word_1_253' title='bbox 1422 2207 1590 2248; x_wconf 85' lang='lat' dir='ltr'><strong>accedit</strong></span> <span class='ocrx_word' id='word_1_254' title='bbox 1607 2208 1762 2262; x_wconf 89' lang='lat' dir='ltr'><strong>ingens</strong></span> 
     </span>
     <span class='ocr_line' id='line_1_30' title="bbox 230 2278 1764 2335; baseline -0.001 -13"><span class='ocrx_word' id='word_1_255' title='bbox 230 2283 354 2335; x_wconf 90' lang='lat' dir='ltr'><strong>copia</strong></span> <span class='ocrx_word' id='word_1_256' title='bbox 373 2280 621 2322; x_wconf 91' lang='lat' dir='ltr'><strong>eruditionis</strong></span> <span class='ocrx_word' id='word_1_257' title='bbox 643 2285 772 2334; x_wconf 88' lang='lat' dir='ltr'><strong>atque</strong></span> <span class='ocrx_word' id='word_1_258' title='bbox 797 2279 1031 2333; x_wconf 90' lang='lat' dir='ltr'><strong>doctrinae,</strong></span> <span class='ocrx_word' id='word_1_259' title='bbox 1061 2291 1146 2319; x_wconf 91' lang='lat' dir='ltr'><strong>non</strong></span> <span class='ocrx_word' id='word_1_260' title='bbox 1176 2291 1270 2321; x_wconf 89' lang='lat' dir='ltr'><strong>eam</strong></span> <span class='ocrx_word' id='word_1_261' title='bbox 1301 2278 1412 2334; x_wconf 79' lang='lat' dir='ltr'><strong>dieo,</strong></span> <span class='ocrx_word' id='word_1_262' title='bbox 1444 2292 1552 2333; x_wconf 87' lang='lat' dir='ltr'><strong>quae</strong></span> <span class='ocrx_word' id='word_1_263' title='bbox 1581 2280 1764 2332; x_wconf 82' lang='lat' dir='ltr'><strong>pertinet</strong></span> 
     </span>
     <span class='ocr_line' id='line_1_31' title="bbox 229 2349 1814 2407; baseline -0.002 -12"><span class='ocrx_word' id='word_1_264' title='bbox 229 2354 286 2395; x_wconf 89' lang='lat' dir='ltr'><strong>ad</strong></span> <span class='ocrx_word' id='word_1_265' title='bbox 315 2353 518 2406; x_wconf 89' lang='lat' dir='ltr'><strong>fabulam,</strong></span> <span class='ocrx_word' id='word_1_266' title='bbox 547 2352 591 2392; x_wconf 91' lang='lat' dir='ltr'><strong>in</strong></span> <span class='ocrx_word' id='word_1_267' title='bbox 621 2364 702 2407; x_wconf 91' lang='lat' dir='ltr'><strong>quo</strong></span> <span class='ocrx_word' id='word_1_268' title='bbox 730 2364 891 2406; x_wconf 84' lang='lat' dir='ltr'><strong>genere</strong></span> <span class='ocrx_word' id='word_1_269' title='bbox 919 2356 1073 2406; x_wconf 87' lang='lat' dir='ltr'><strong>regnat</strong></span> <span class='ocrx_word' id='word_1_270' title='bbox 1102 2349 1298 2405; x_wconf 89' lang='lat' dir='ltr'><strong>Ovidius,</strong></span> <span class='ocrx_word' id='word_1_271' title='bbox 1329 2363 1467 2404; x_wconf 90' lang='lat' dir='ltr'><strong>neque</strong></span> <span class='ocrx_word' id='word_1_272' title='bbox 1485 2351 1763 2392; x_wconf 88' lang='lat' dir='ltr'><strong>calliditatem</strong></span> <span class='ocrx_word' id='word_1_273' title='bbox 1801 2349 1814 2358; x_wconf 58' lang='grc'><strong>“</strong></span> 
     </span>
     <span class='ocr_line' id='line_1_32' title="bbox 228 2415 1763 2477; baseline -0.001 -11"><span class='ocrx_word' id='word_1_274' title='bbox 228 2426 342 2467; x_wconf 92' lang='lat' dir='ltr'><strong>illam</strong></span> <span class='ocrx_word' id='word_1_275' title='bbox 372 2425 414 2465; x_wconf 90' lang='lat' dir='ltr'><strong>in</strong></span> <span class='ocrx_word' id='word_1_276' title='bbox 443 2424 600 2465; x_wconf 89' lang='lat' dir='ltr'><strong>intimis</strong></span> <span class='ocrx_word' id='word_1_277' title='bbox 630 2422 757 2465; x_wconf 89' lang='lat' dir='ltr'><strong>animi</strong></span> <span class='ocrx_word' id='word_1_278' title='bbox 784 2423 956 2463; x_wconf 88' lang='lat' dir='ltr'><strong>humani</strong></span> <span class='ocrx_word' id='word_1_279' title='bbox 984 2422 1183 2463; x_wconf 85' lang='lat' dir='ltr'><strong>sensibus</strong></span> <span class='ocrx_word' id='word_1_280' title='bbox 1212 2415 1483 2477; x_wconf 87' lang='lat' dir='ltr'><strong>indagandis,</strong></span> <span class='ocrx_word' id='word_1_281' title='bbox 1505 2422 1586 2463; x_wconf 92' lang='lat' dir='ltr'><strong>sed</strong></span> <span class='ocrx_word' id='word_1_282' title='bbox 1614 2422 1763 2464; x_wconf 89' lang='lat' dir='ltr'><strong>scien-</strong></span> 
     </span>
     <span class='ocr_line' id='line_1_33' title="bbox 231 2494 1762 2551; baseline -0.002 -13"><span class='ocrx_word' id='word_1_283' title='bbox 231 2498 336 2539; x_wconf 92' lang='lat' dir='ltr'><strong>tiam</strong></span> <span class='ocrx_word' id='word_1_284' title='bbox 364 2497 584 2551; x_wconf 85' lang='lat' dir='ltr'><strong>historiae,</strong></span> <span class='ocrx_word' id='word_1_285' title='bbox 614 2495 921 2550; x_wconf 87' lang='lat' dir='ltr'><strong>geographiae,</strong></span> <span class='ocrx_word' id='word_1_286' title='bbox 951 2507 1112 2535; x_wconf 87' lang='lat' dir='ltr'><strong>morum</strong></span> <span class='ocrx_word' id='word_1_287' title='bbox 1141 2500 1268 2548; x_wconf 91' lang='lat' dir='ltr'><strong>atque</strong></span> <span class='ocrx_word' id='word_1_288' title='bbox 1298 2494 1649 2535; x_wconf 86' lang='lat' dir='ltr'><strong>consuetudinum</strong></span> <span class='ocrx_word' id='word_1_289' title='bbox 1675 2507 1762 2536; x_wconf 88' lang='lat' dir='ltr'><strong>va-</strong></span> 
     </span>
     <span class='ocr_line' id='line_1_34' title="bbox 229 2556 1762 2623; baseline -0.002 -13"><span class='ocrx_word' id='word_1_290' title='bbox 229 2569 394 2616; x_wconf 71' lang='lat' dir='ltr'><strong>riarum,</strong></span> <span class='ocrx_word' id='word_1_291' title='bbox 412 2568 619 2623; x_wconf 90' lang='lat' dir='ltr'><strong>gentium,</strong></span> <span class='ocrx_word' id='word_1_292' title='bbox 650 2579 790 2608; x_wconf 88' lang='lat' dir='ltr'><strong>rerum</strong></span> <span class='ocrx_word' id='word_1_293' title='bbox 819 2567 1067 2608; x_wconf 84' lang='lat' dir='ltr'><strong>coelestium</strong></span> <span class='ocrx_word' id='word_1_294' title='bbox 1095 2579 1149 2608; x_wconf 91' lang='lat' dir='ltr'><strong>ac</strong></span> <span class='ocrx_word' id='word_1_295' title='bbox 1177 2566 1442 2621; x_wconf 90' lang='lat' dir='ltr'><strong>naturalium,</strong></span> <span class='ocrx_word' id='word_1_296' title='bbox 1475 2572 1518 2607; x_wconf 94' lang='lat' dir='ltr'><strong>et</strong></span> <span class='ocrx_word' id='word_1_297' title='bbox 1540 2556 1762 2607; x_wconf 83' lang='lat' dir='ltr'><strong>Romana-</strong></span> 
     </span>
     <span class='ocr_line' id='line_1_35' title="bbox 230 2637 1788 2697; baseline -0.003 -14"><span class='ocrx_word' id='word_1_298' title='bbox 230 2655 323 2683; x_wconf 89' lang='lat' dir='ltr'><strong>rum</strong></span> <span class='ocrx_word' id='word_1_299' title='bbox 363 2638 711 2693; x_wconf 87' lang='lat' dir='ltr'><strong>Graecarumque</strong></span> <span class='ocrx_word' id='word_1_300' title='bbox 747 2639 971 2680; x_wconf 86' lang='lat' dir='ltr'><strong>literarum.</strong></span> <span class='ocrx_word' id='word_1_301' title='bbox 1038 2639 1192 2680; x_wconf 89' lang='lat' dir='ltr'><strong>Parem</strong></span> <span class='ocrx_word' id='word_1_302' title='bbox 1230 2638 1388 2678; x_wconf 91' lang='lat' dir='ltr'><strong>habent</strong></span> <span class='ocrx_word' id='word_1_303' title='bbox 1425 2637 1595 2679; x_wconf 88' lang='lat' dir='ltr'><strong>laudem</strong></span> <span class='ocrx_word' id='word_1_304' title='bbox 1632 2643 1788 2697; x_wconf 25' lang='lat' dir='ltr'><strong>atque!</strong></span> 
     </span>
     <span class='ocr_line' id='line_1_36' title="bbox 233 2697 1789 2763; baseline -0.004 -8"><span class='ocrx_word' id='word_1_305' title='bbox 233 2712 645 2755; x_wconf 89' lang='lat' dir='ltr'><strong>commendationem</strong></span> <span class='ocrx_word' id='word_1_306' title='bbox 662 2711 918 2751; x_wconf 86' lang='lat' dir='ltr'><strong>Latinitatis.</strong></span> <span class='ocrx_word' id='word_1_307' title='bbox 974 2710 1089 2751; x_wconf 91' lang='lat' dir='ltr'><strong>Nam</strong></span> <span class='ocrx_word' id='word_1_308' title='bbox 1112 2716 1282 2763; x_wconf 90' lang='lat' dir='ltr'><strong>praeter</strong></span> <span class='ocrx_word' id='word_1_309' title='bbox 1301 2710 1503 2751; x_wconf 86' lang='lat' dir='ltr'><strong>orationis</strong></span> <span class='ocrx_word' id='word_1_310' title='bbox 1532 2697 1789 2750; x_wconf 76' lang='lat' dir='ltr'><strong>candorem--</strong></span> 
     </span>
     <span class='ocr_line' id='line_1_37' title="bbox 232 2779 1764 2838; baseline -0.002 -14"><span class='ocrx_word' id='word_1_311' title='bbox 232 2785 346 2825; x_wconf 87' lang='lat' dir='ltr'><strong>illum</strong></span> <span class='ocrx_word' id='word_1_312' title='bbox 374 2783 614 2838; x_wconf 72' lang='lat' dir='ltr'><strong>poeticum,</strong></span> <span class='ocrx_word' id='word_1_313' title='bbox 653 2794 735 2836; x_wconf 91' lang='lat' dir='ltr'><strong>quo</strong></span> <span class='ocrx_word' id='word_1_314' title='bbox 770 2783 972 2836; x_wconf 88' lang='lat' dir='ltr'><strong>pleraque</strong></span> <span class='ocrx_word' id='word_1_315' title='bbox 1007 2781 1236 2833; x_wconf 84' lang='lat' dir='ltr'><strong>superfusa</strong></span> <span class='ocrx_word' id='word_1_316' title='bbox 1262 2781 1412 2835; x_wconf 86' lang='lat' dir='ltr'><strong>nitent,</strong></span> <span class='ocrx_word' id='word_1_317' title='bbox 1442 2793 1666 2836; x_wconf 88' lang='lat' dir='ltr'><strong>genusque</strong></span> <span class='ocrx_word' id='word_1_318' title='bbox 1695 2779 1764 2834; x_wconf 87' lang='lat' dir='ltr'><strong>di-</strong></span> 
     </span>
     <span class='ocr_line' id='line_1_38' title="bbox 232 2853 1763 2912; baseline -0.004 -13"><span class='ocrx_word' id='word_1_319' title='bbox 232 2856 374 2912; x_wconf 89' lang='lat' dir='ltr'><strong>cendi,</strong></span> <span class='ocrx_word' id='word_1_320' title='bbox 406 2856 531 2911; x_wconf 87' lang='lat' dir='ltr'><strong>quale</strong></span> <span class='ocrx_word' id='word_1_321' title='bbox 561 2855 779 2910; x_wconf 87' lang='lat' dir='ltr'><strong>elegorum</strong></span> <span class='ocrx_word' id='word_1_322' title='bbox 808 2867 909 2897; x_wconf 86' lang='lat' dir='ltr'><strong>esse</strong></span> <span class='ocrx_word' id='word_1_323' title='bbox 939 2853 1082 2907; x_wconf 87' lang='lat' dir='ltr'><strong>debet,</strong></span> <span class='ocrx_word' id='word_1_324' title='bbox 1113 2853 1224 2907; x_wconf 75' lang='lat' dir='ltr'><strong>lene,</strong></span> <span class='ocrx_word' id='word_1_325' title='bbox 1255 2853 1481 2896; x_wconf 90' lang='lat' dir='ltr'><strong>remissum</strong></span> <span class='ocrx_word' id='word_1_326' title='bbox 1515 2858 1559 2894; x_wconf 89' lang='lat' dir='ltr'><strong>et</strong></span> <span class='ocrx_word' id='word_1_327' title='bbox 1588 2864 1763 2907; x_wconf 90' lang='lat' dir='ltr'><strong>compo-</strong></span> 
     </span>
    </p>
   </div>
  </div>
 </body>
</html>
