1846 3146
110 198 296 280 '286-

423 203 480 253 P.
516 203 741 254 OVIDII
773 203 1092 256 NASONIS
1128 205 1471 258 TRISTIUM

163 324 410 391 Quicquid
444 331 575 390 aget,
609 341 717 376 cum
749 332 800 376 te
834 329 1005 377 scierit
1037 331 1255 390 venisse,
1291 329 1550 396 relinquet,
1661 331 1693 380 5

227 409 344 470 Nec
375 425 525 470 mora⁷
561 410 680 475 quid
712 413 886 461 venias
922 410 1125 476 quidve,
1157 414 1388 477 requiret,
1424 428 1578 480 agam.

166 491 360 542 Vivere
394 507 470 542 me
506 492 669 555 dices,
704 493 795 543 sed
829 496 919 555 sic,
954 498 1008 542 ut
1040 495 1219 544 vivere
1253 495 1418 558 nolim,

231 574 346 625 Nec
378 575 506 625 mala
543 581 639 626 tam
673 576 825 643 longa
853 581 1021 627 nostra
1053 576 1224 627 levata
1256 595 1416 640 mora3

163 659 232 709 Et
264 664 423 708 tamen
457 659 522 709 ad
554 660 742 723 Musas,
780 663 999 727 quamvis
1032 676 1263 723 nocuere,
1298 663 1501 722 reverti,

230 742 464 809 Aptaque
497 745 549 792 in
583 743 801 794 alternos
836 759 1019 809 cogere
1053 744 1209 801 verba
1241 744 1412 811 pedes.

1629 743 1697 794 10

163 825 280 887 „Tu
299 830 543 891 quoque‚“
563 827 660 887 dic,
682 827 891 889 „studiis
911 827 1238 877 communibus
1259 827 1437 893 ecquid
1453 827 1696 893 inhaereS‚

231 909 526 975 „Doctaque
557 926 657 959 non
689 908 849 977 patrio
885 908 1098 961 carmina
1128 909 1264 967 more
1298 913 1432 961 canis
1446 911 1514 961 ‘2⁴⁴

165 992 296 1041 Nam
323 992 418 1042 tibi
454 1007 561 1042 cum
594 993 711 1043 fatis
744 1010 904 1044 mores
938 999 1110 1043 natura.
1142 992 1368 1060 pudicos,

230 1074 300 1124 Et
331 1093 469 1126 raras
504 1074 648 1127 dotes
681 1079 1023 1144 ingeniumque
1058 1076 1211 1127 dedit.
1240 1075 1243 1078 ’

208 1227 258 1260 V.
283 1228 315 1260 5.
350 1226 446 1260 Gall.
478 1227 516 1260 te
537 1234 632 1260 cum.
686 1228 782 1261 Mor.
805 1227 902 1262 scie-

166 1282 225 1316 rit
246 1291 332 1316 cum
356 1283 402 1316 te.

213 1360 246 1392 6.
283 1357 382 1399 Quid
409 1358 493 1401 uqis
526 1358 691 1402 vulgaris
720 1361 776 1392 est
817 1362 902 1402 post

167 1416 322 1458 primam
343 1416 500 1448 salutem
523 1416 720 1456 quaerendi
732 1417 902 1450 formula.

166 1471 255 1504 Hor.
279 1471 355 1504 sat.
380 1473 411 1514 Ι,
435 1473 472 1513 9,
487 1471 519 1504 4.
577 1470 676 1511 Quid
697 1470 790 1513 aqis,
815 1472 902 1504 dul-

166 1525 315 1559 cissime
335 1523 496 1558 rerum?
525 1527 586 1559 ubi
615 1526 688 1559 vid.
711 1527 902 1560 Heindorf.

166 1583 276 1616 Trist.
307 1584 341 1624 1,
371 1581 406 1624 1,
437 1581 507 1624 18„
536 1583 607 1623 111,
637 1584 673 1623 5,
697 1582 768 1624 24„
790 1583 841 1625 v,
864 1584 900 1626 8,

167 1641 199 1671 5.
245 1638 320 1672 Cic.
343 1646 412 1678 pro
435 1638 560 1669 Plane.
579 1645 611 1669 c.
629 1636 682 1669 14.
704 1635 802 1670 idem
825 1637 902 1670 tri-

167 1693 263 1726 buno
284 1692 585 1734 plebisu-quum
606 1690 673 1724 ille
695 1701 778 1725 eum
793 1695 902 1726 salu·-

168 1749 302 1789 tasset,
342 1748 387 1780 ut
417 1747 482 1791 fit,
517 1747 759 1791 dimissaque,
793 1748 903 1791 quid

161 1802 290 1844 nqis,
316 1801 452 1845 Grani,
463 1802 684 1844 respondit.-
707 1803 819 1836 immo
834 1813 902 1837 ve-

166 1866 228 1900 ro,
251 1859 291 1890 tu
311 1859 448 1900 Druse,
472 1858 585 1900 quid
607 1856 737 1899 dois?
765 1859 904 1893 Venire

166 1921 278 1954 saepe
301 1913 355 1945 sic
377 1913 556 1945 absolute.
602 1915 691 1947 Met.
716 1916 783 1958 VI,
804 1916 880 1949 412.

212 1980 291 2011 Iun.
313 1979 351 2011 et
362 1981 469 2013 Serv.
488 1980 590 2021 aaut.
634 1983 740 2013 Bern.
753 1989 825 2013 cur
835 1992 902 2015 ve-

168 2034 264 2067 nias.
314 2036 418 2068 Leid.
449 2034 583 2067 venies.
634 2037 679 2069 V.
703 2037 736 2068 7.
766 2039 901 2071 Bersm.

168 2093 207 2124 et
229 2091 376 2124 Pirckh.
399 2091 501 2125 dices
523 2090 579 2124 sic
601 2092 645 2124 ut
665 2099 735 2124 me.

213 2169 246 2201 8.
286 2169 382 2202 Tam
403 2170 528 2212 lonyoe.
585 2170 673 2202 Post
702 2170 792 2202 duos
821 2170 902 2203 fere

169 2225 290 2258 exsilii
302 2234 439 2259 annos.
484 2226 568 2259 Vid.
590 2225 866 2267 prolegomena.

214 2291 246 2322 9.
283 2289 460 2331 Quamvis
480 2299 654 2324 nocuere.
698 2292 781 2325 Vid.
805 2293 851 2324 ad
870 2294 902 2335 Ι,

171 2346 208 2389 2,
233 2346 286 2380 11.

212 2424 267 2457 10.
300 2423 494 2465 Alternos,
524 2423 751 2459 alternantes
786 2425 904 2457 hexa-

167 2479 276 2512 metri
299 2480 337 2512 et
359 2477 590 2521 pentametri.
645 2479 728 2513 Vid.
758 2482 835 2514 not.
857 2481 904 2512 ad

169 2536 223 2578 ΙΙ,
246 2534 323 2575 219.
348 2535 386 2567 et
407 2535 476 2576 111,
500 2533 536 2576 1,
561 2534 613 2567 12.

213 2601 311 2635 Gall.
341 2601 462 2645 verb-a
488 2601 651 2645 referre.
694 2602 796 2636 Leid.
819 2609 903 2635 mo-

171 2659 252 2696 dos.
624 2671 627 2674 ·

213 2743 269 2779 11.
295 2743 354 2778 Tu
370 2747 536 2787 quoque.
572 2741 757 2775 Hactenus
773 2740 905 2781 loque-

171 2802 282 2835 batur
302 2800 418 2844 poeta
439 2800 486 2833 ad
509 2797 701 2839 epistolam
722 2795 802 2829 sive
820 2803 905 2828 car-

171 2866 275 2900 men;
316 2856 493 2898 reliquam
526 2853 730 2887 orationem
757 2852 839 2893 ipse
860 2851 907 2884 ad

172 2912 346 2947 Perillam
370 2909 566 2947 convertit.
614 2908 718 2944 conf.
743 2907 812 2949 IV,
834 2907 867 2939 3.

1011 1230 1090 1262 Put.
1121 1227 1215 1260 haec
1246 1234 1401 1270 quoque.
1457 1226 1578 1260 Guelf.
1606 1219 1700 1259 tadeo

968 1282 1058 1326 quid
1090 1292 1159 1325 pro
1197 1282 1340 1325 ecquid.
1406 1283 1480 1317 Alii
1509 1283 1631 1315 Heius.
1663 1282 1701 1314 et

969 1337 1071 1380 quid,
1093 1339 1138 1370 ut
1159 1336 1259 1380 quid,
1273 1336 1412 1380 inquit.
1435 1354 1480 1361 —
1500 1339 1590 1380 Reg.
1603 1340 1699 1380 Put.,

936 1405 939 1410 ¹
969 1396 1089 1438 Busl.,
1119 1397 1220 1436 Iun.,
1250 1392 1405 1436 Arond„
1436 1395 1586 1436 Bel-sm„
1609 1395 1700 1426 XIII

969 1451 1033 1483 alii
1056 1450 1179 1483 Heins.
1204 1451 1241 1482 et
1273 1450 1328 1481 ed.
1350 1451 1488 1482 Bonon.
1513 1451 1550 1482 et
1570 1450 1700 1482 Dresd.

969 1504 1032 1538 dic
1043 1504 1176 1537 Musis.
1219 1507 1325 1538 Bern.
1340 1505 1402 1538 dic
1412 1504 1581 1547 scriptis.
1610 1506 1701 1547 Reg.

969 1570 1038 1603 pro
1062 1572 1097 1594 v.
1120 1571 1151 1594 s.
1174 1560 1236 1594 dic
1259 1562 1300 1593 tu
1322 1560 1405 1594 diis.
1451 1561 1559 1595 crev.
1580 1560 1642 1594 dic
1664 1562 1703 1594 et

968 1615 1053 1650 diis.
1107 1617 1193 1658 seg.
1217 1615 1279 1649 dic
1299 1614 1417 1649 musis
1444 1605 1495 1648 α’
1515 1614 1700 1648 camini-

970 1673 1036 1705 bus
1058 1672 1149 1714 quid
1174 1671 1250 1706 inb.
1306 1673 1402 1706 Gall.
1431 1669 1564 1714 ecquid
1596 1678 1699 1703 com-

967 1725 1139 1762 munibus
1161 1729 1308 1762 haeres.
1692 1733 1696 1738 “

1015 1820 1068 1853 12.
1101 1818 1190 1852 Non
1216 1815 1360 1860 patrio.
1405 1817 1489 1851 Vid.
1519 1810 1701 1859 praefatio

968 1876 1072 1908 huius
1097 1873 1276 1907 carminis.

1012 1933 1112 1963 Unus
1142 1931 1226 1963 Vat.
1258 1931 1296 1962 et
1323 1929 1409 1970 seg.
1438 1933 1538 1959 num.
1599 1928 1702 1961 Leid.

969 1994 1049 2018 nec.
1095 1986 1203 2019 Serv.
1227 1993 1357 2018 canas.

1015 2074 1069 2107 13.
1092 2073 1182 2106 Cum
1202 2071 1310 2115 fatis,
1354 2071 1417 2104 Sic
1433 2073 1570 2105 XXXII
1581 2072 1700 2117 codd„

968 2127 1005 2159 in
1049 2129 1175 2170 quibus
1218 2127 1388 2159 meliores
1423 2135 1546 2160 omnes
1575 2128 1701 2166 (etiam

970 2183 1090 2215 G’uelf.
1103 2184 1140 2214 et
1159 2182 1280 2214 nostri.
1294 2190 1417 2215 omnes
1436 2185 1473 2215 et
1485 2184 1574 2215 vett.
1593 2183 1700 2220 edd).

968 2237 1112 2278 Reliqui
1140 2238 1224 2270 libri
1251 2237 1365 2280 facie.
1430 2237 1590 2270 Natura
1618 2245 1702 2270 cum

967 2292 1064 2336 fatis
1087 2291 1192 2325 dedit
1220 2302 1288 2334 pro
1318 2295 1450 2326 natura
1473 2295 1510 2326 et
1532 2294 1611 2326 fata
1634 2294 1701 2325 de-

970 2349 1120 2381 derunt..
1165 2350 1220 2382 De
1250 2349 1346 2381 facie
1375 2351 1413 2382 et
1437 2350 1558 2382 forma
1586 2358 1622 2382 v.
1645 2349 1700 2381 33.

970 2405 1057 2446 agit.
1102 2404 1249 2437 HfflNs.
1295 2405 1398 2439 Conf.
1409 2406 1441 2447 1,
1453 2406 1490 2448 6,·
1500 2405 1555 2437 24.
1595 2403 1699 2436 Pont.

970 2461 1040 2502 IV,
1063 2460 1100 2502 9,
1127 2461 1158 2493 9.
1618 2464 1621 2470 '

1035 2535 1134 2572 Atque
1155 2542 1217 2572 ego
1242 2534 1270 2564 si
1293 2534 1366 2563 fatis
1383 2533 1504 2570 genitus
1523 2533 1698 2562 melioribus

1368 2585 1477 2607 essem.

970 2650 1064 2685 Fata
1085 2649 1119 2681 h.
1141 2648 1167 2680 1.
1190 2648 1271 2680 fere
1299 2649 1426 2680 eadem
1455 2655 1534 2680 cum
1558 2646 1700 2688 Parcis,

971 2704 1322 2747 quasuascentihus
1358 2704 1486 2736 adoese
1523 2702 1562 2734 et
1598 2701 1699 2734 vitae
1769 2742 1772 2743 ⁷
1812 2687 1846 2737 *f*

972 2762 1052 2793 fata.
1081 2767 1215 2792 canere
1244 2759 1309 2792 vel
1335 2765 1426 2791 nere
1452 2756 1612 2798 fingebat
1638 2757 1699 2789 fa-

972 2817 1070 2850 bula.
1115 2814 1196 2848 Vid.
1219 2815 1269 2856 V,
1291 2815 1328 2857 3,
1351 2813 1404 2846 17.
1426 2814 1481 2846 25.

1018 2902 1071 2936 14.
1105 2901 1172 2949 Et?
1197 2909 1317 2936 raras
1351 2900 1467 2935 dotes.
1539 2900 1624 2933 vat.
1653 2898 1700 2940 1.‚
