1846 3146
229 155 294 204 26

476 156 532 204 P.
568 155 790 206 ovmn
822 156 1136 221 NASONIS
1170 136 1510 210 TRISTIUM

230 275 393 338 Vade,
429 276 571 338 liber,
607 278 870 343 verbisque
905 281 1024 328 meis
1058 280 1172 330 loca
1204 285 1344 345 grata
1378 281 1562 331 saluta:

1688 283 1752 332 15

302 357 591 425 Contingam
626 366 776 423 certe,
813 378 907 426 quo
941 363 1074 422 licet,
1110 363 1199 412 illa
1232 362 1373 428 pede.

231 440 291 491 Si
327 445 448 507 quis,
484 449 537 492 ut
568 446 619 492 in
650 444 849 511 populo,
886 447 1039 495 nostri
1072 462 1169 495 non
1202 448 1443 495 immemor
1477 445 1601 506 illic,

300 525 359 575 Si
395 529 517 591 quis,
555 528 650 592 qui,
688 526 804 591 quid
837 543 991 592 agam,
1027 528 1157 577 forte
1189 531 1417 593 requirat,
1455 531 1575 589 erit3
1640 573 1645 576 .

232 650 404 680 maculas
428 649 463 681 te
494 648 690 681 excusabit
721 649 759 680 et
791 649 961 681 lacrimis

233 713 296 737 eas
317 704 445 746 sac-tas
469 713 547 736 esse
569 704 704 737 sentiet
725 704 803 736 sive
826 702 960 735 existi-

231 760 359 792 mabit.
414 760 566 792 Sentiat
592 752 653 794 'est
686 759 959 801 praecipientis:

232 814 296 856 qui
318 814 524 857 viderit..,
557 815 708 859 sentiat,
731 816 830 849 sciat
852 818 901 858 (1,
924 818 960 858 3,

231 871 320 912 39.)‚
343 879 420 903 esse
433 872 478 904 de
491 872 664 906 lacrimis
681 873 822 915 factas.
854 872 960 904 Prior

231 928 415 967 scriptura
438 929 552 969 primo
577 930 751 970 adspectu
771 930 960 969 praestare

232 984 391 1026 videtur,
430 987 557 1025 utpote
590 985 711 1025 aptior
734 985 780 1015 ad
804 982 959 1015 testriti-

231 1039 386 1078 gendum
410 1040 521 1080 (quod
545 1042 656 1080 poeta
677 1039 840 1080 voluit),
875 1037 961 1069 libri

232 1098 385 1135 propter
398 1098 521 1134 turpes
533 1094 662 1126 lituras
674 1095 858 1135 pudorem.
881 1095 960 1126 Ve-

231 1159 310 1183 rum
324 1152 500 1191 quomodo
512 1148 576 1182 ille
590 1151 659 1182 hoc
674 1151 765 1191 ipse,
789 1158 861 1181 non
881 1158 960 1182 mo-

232 1206 342 1247 nitus,
357 1206 494 1237 sentire
504 1206 652 1246 poterat
662 1216 673 1246 ;
688 1207 725 1237 et
736 1206 852 1236 utram
864 1206 959 1237 scri-

231 1264 376 1302 pturam
400 1269 470 1292 uno
488 1268 603 1302 prope
629 1268 808 1292 consensu
837 1261 961 1301 optimi

233 1317 336 1348 codd.
350 1313 387 1348 et
400 1318 486 1348 vett.
504 1317 582 1347 edd.
592 1310 611 1347 ’ἒ
630 1317 734 1348 ——Ad
748 1317 960 1348 sententiam

234 1372 280 1402 cf.
294 1372 360 1413 111,
378 1371 412 1412 1,
434 1371 485 1402 15.
498 1388 537 1392 ——
547 1371 641 1403 Gall.
653 1371 782 1413 factas
806 1373 850 1404 de
862 1374 960 1405 laer.

233 1428 274 1458 In
298 1428 406 1467 Segu.
439 1436 512 1459 vss.
542 1428 562 1459 9
593 1430 629 1459 et
658 1427 710 1459 10.
741 1431 824 1468 post
848 1439 883 1461 v.
909 1429 960 1462 14.

201 1492 208 1496 ·
234 1482 415 1522 leguntur.

279 1554 330 1586 15.
353 1555 441 1586 Post
462 1553 614 1593 priunum
636 1554 725 1587 illud
749 1556 918 1588 monitum
941 1563 964 1587 a

234 1620 268 1642 v.
294 1609 413 1641 3—14.
439 1610 483 1641 ad
508 1610 583 1641 alia
606 1610 822 1643 transiturus
837 1632 850 1652 ,
875 1611 964 1643 illud

233 1666 328 1697 vade
352 1665 451 1702 (vid.
475 1675 510 1697 v.
529 1667 579 1703 3.)
596 1668 681 1706 apte
692 1667 834 1707 repetit.
859 1666 963 1699 Cous.

235 1731 268 1752 v.
281 1721 334 1752 57.
358 1719 558 1762 Verbisqne
570 1720 669 1753 meis.
705 1722 790 1753 Her.
802 1721 964 1763 xvl,71.

299 1777 381 1805 Neve
406 1785 592 1812 recusarem,
619 1778 720 1807 verbis
738 1778 819 1806 Iovis
838 1778 965 1814 imperat

630 1824 820 1857 (Mercurius)
837 1839 872 1843 -—

281 1886 333 1919 16.
361 1885 438 1925 Quo
462 1885 561 1918 licet.
595 1887 703 1928 Vulg.
729 1885 903 1928 quolibet,
928 1891 964 1918 et

234 1942 289 1974 sio
326 1943 420 1985 Put.‚
450 1943 511 1975 Fr.
547 1944 655 1985 Rev„
684 1943 760 1974 Pal.
790 1943 846 1984 2.,
876 1943 964 1974 Exc.

236 1998 342 2030 Voss.
376 2000 412 2029 et
441 1999 476 2030 11
507 1999 569 2030 alii
592 1997 778 2030 Heinsiani
806 1999 842 2028 et
875 2000 964 2029 vett.

236 2053 314 2084 edd.
336 2057 483 2092 praeter
506 2055 642 2086 Bonon.
666 2053 809 2093 Reliqui
830 2053 967 2085 vetusti

235 2108 319 2140 libri
342 2117 464 2141 omnes
489 2116 559 2150 qno
593 2108 701 2149 licet,
737 2108 830 2148 quod
864 2110 966 2139 recte

237 2164 429 2197 revocavit
452 2165 629 2197 Heinsius.
672 2163 763 2195 Nam
798 2172 876 2195 cum
900 2172 966 2204 pes

237 2219 283 2251 sit
307 2229 392 2260 pars
418 2219 584 2260 corporis
596 2240 611 2260 ‚
645 2220 682 2250 et
704 2225 768 2259 pes
793 2219 965 2250 versiculi

237 2275 392 2318 dicatur,
416 2276 507 2307 ludit
530 2277 640 2316 poeta
661 2274 724 2306 tali
739 2275 820 2306 fere
839 2274 965 2305 modo:

238 2329 329 2362 Cmn
359 2330 454 2370 pede
485 2327 662 2370 corporis
695 2339 739 2362 ea
762 2330 848 2361 loca
874 2337 965 2360 con-

237 2385 381 2426 tinyere
401 2395 424 2417 n
439 2394 489 2417 on
518 2384 618 2416 lice
632 2392 657 2415 a
672 2385 698 2426 t,
716 2393 757 2417 eo
777 2385 880 2416 certe
895 2392 967 2425 quo

238 2443 346 2477 (uno)
362 2442 457 2481 pede
480 2442 495 2472 l
505 2440 518 2472 i
530 2449 550 2472 c
562 2450 580 2473 e
595 2442 609 2472 t
632 2444 700 2479 (sc.
716 2442 862 2476 versus)
875 2447 967 2471 con-

239 2494 392 2535 tinyam.
418 2494 629 2537 Quanquam
651 2497 752 2528 lusus
775 2496 841 2527 ille
856 2496 891 2527 in
906 2504 967 2527 se-

237 2559 328 2581 vero
345 2551 408 2583 illo
425 2552 591 2583 carminis
602 2551 723 2583 habitu
738 2554 845 2592 atque
855 2559 967 2592 argu-

238 2609 357 2637 mento
376 2608 500 2645 paullo
519 2607 688 2649 argutior
706 2606 859 2638 videtur.
895 2607 966 2638 Sed

237 2660 307 2692 vid.
320 2662 350 2702 1,
367 2663 403 2704 2,
419 2665 473 2695 50.
493 2664 559 2704 111,
582 2663 614 2705 1,
627 2663 679 2694 12.
709 2664 831 2694 Amor.
848 2663 913 2703 111,
933 2662 967 2703 1,

237 2716 269 2746 8.
290 2716 341 2746 10.
366 2717 469 2748 Cont'.
485 2717 592 2749 Trist.
607 2717 673 2758 111,
699 2716 754 2758 14,
777 2718 807 2749 S.
833 2722 965 2750 et'not.

238 2771 283 2800 ad
318 2773 349 2812 Ι,
383 2772 419 2813 7,
452 2774 484 2803 8.
517 2790 561 2796 *-
594 2771 814 2813 Continuam
848 2776 967 2804 autem

238 2834 309 2857 non
334 2829 390 2858 est
410 2827 582 2866 optantis,
606 2830 646 2858 ut
662 2830 787 2868 putant
804 2828 880 2869 ulii,
902 2829 966 2859 sed

1028 652 1276 684 coniunctivus
1309 651 1445 692 primae
1468 659 1648 693 personae
1671 653 1750 685 sin-

1025 707 1163 747 gularis
1186 707 1324 747 positus
1348 709 1428 748 est,
1461 710 1751 748 quemadmodum

1027 761 1142 802 prima.
1164 761 1317 802 pluralis
1347 771 1413 802 pro
1440 762 1656 803 imperativo
1681 775 1751 806 po-

1026 817 1137 858 nitur,
1161 818 1286 856 estque
1309 819 1563 852 constituentis
1587 823 1624 852 et
1637 829 1752 862 agen-

1027 872 1092 904 tis:
1115 870 1212 903 Lass
1234 870 1329 903 mich
1355 871 1531 905 betreten.
1578 875 1753 914 Imprimis

1027 927 1120 967 apud
1166 926 1348 958 Nasonem
1402 928 1573 969 frequens
1621 929 1752 961 oratio.

1026 982 1134 1014 Trist.
1158 982 1188 1022 1,
1212 981 1247 1022 3,
1271 982 1340 1023 67.,
1372 983 1494 1023 Amor.
1529 985 1560 1026 1,
1597 985 1652 1026 15,
1685 986 1755 1026 37.,

1026 1037 1093 1078 111,
1118 1035 1152 1077 1,
1175 1036 1246 1075 29„
1279 1037 1365 1068 Her.
1396 1038 1428 1079 Ι,
1464 1039 1533 1081 79.,
1562 1041 1660 1072 Fast.
1687 1041 1755 1081 111,

1027 1094 1095 1132 55.,
1119 1094 1205 1124 Met.
1228 1094 1277 1135 Π,
1301 1094 1378 1126 514.
1405 1111 1446 1116 —
1467 1095 1566 1136 seg„
1588 1094 1685 1127 Crev
1707 1098 1754 1126 et.

1026 1147 1148 1180 Berol.
1172 1155 1244 1188 qno
1277 1147 1366 1179 licet
1396 1147 1477 1180 ire
1507 1151 1623 1191 pede,
1661 1152 1756 1191 quod

1028 1205 1121 1236 haud
1155 1204 1261 1236 dubie
1302 1205 1410 1236 etiam
1442 1206 1543 1238 multi
1574 1205 1758 1238 Heinsiani

1026 1259 1240 1291 habuerunt.

1074 1335 1124 1366 17.
1150 1334 1251 1366 Illic.
1288 1337 1417 1368 Dresd.
1439 1345 1508 1381 pro
1533 1346 1568 1368 v.
1591 1337 1633 1378 1.,
1652 1337 1757 1369 Serv.

1029 1394 1080 1423 et»
1090 1392 1229 1431 quidam
1254 1391 1317 1423 alii
1339 1392 1461 1423 Heius.
1495 1400 1575 1423 cum
1602 1392 1758 1424 eiusdem

1030 1448 1084 1478 ed.
1097 1455 1151 1486 pr.
1175 1448 1212 1477 et
1234 1447 1322 1478 VIII
1345 1448 1423 1478 edd.
1440 1454 1538 1479 saec.
1549 1447 1627 1480 XV.
1637 1446 1760 1479 ilci.—

1029 1503 1176 1544 Frauc„
1198 1503 1299 1544 .Put.,
1334 1502 1446 1543 Gall„
1478 1502 1600 1543 Bern.,
1623 1501 1761 1543 Berol.,

1029 1557 1125 1598 Bel„
1150 1557 1272 1599 Crev.‚
1308 1558 1397 1598 Beg.
1430 1555 1497 1598 pro
1531 1567 1565 1589 v.
1588 1557 1630 1598 1.,
1663 1558 1758 1589 Mor.

1030 1621 1098 1653 pro
1121 1621 1155 1643 v.
1179 1611 1206 1643 l.
1230 1614 1267 1643 et
1295 1612 1359 1644 alii
1391 1613 1556 1644 nonnulli
1579 1613 1699 1644 Heius.
1724 1614 1761 1644 et

1030 1668 1158 1700 Draed.
1181 1665 1263 1698 illo.
1306 1667 1382 1700 Pal.
1407 1667 1452 1710 1.‚
1487 1667 1622 1709 Guelf.,
1655 1668 1761 1713 neg„

1033 1725 1145 1764 Mor„
1167 1722 1280 1764 Busl.,
1305 1723 1421 1764 Leid.,
1444 1722 1605 1764 Pirckh.‚
1626 1723 1678 1754 VI
1699 1722 1763 1753 alii

1034 1778 1155 1811 Heius.
1177 1780 1214 1809 et
1225 1778 1279 1808 ed.
1302 1777 1388 1809 Bon.
1410 1776 1603 1810 immemor
1623 1778 1761 1810 exstat.
1826 1767 1831 1771 ’

1032 1833 1135 1874 Illic,
1159 1821 1253 1874 quod
1273 1833 1406 1873 primus
1427 1834 1568 1874 recepit
1579 1834 1762 1876 Heinsius,

1034 1890 1246 1922 coniectura
1262 1888 1318 1918 est
1338 1887 1573 1930 Zinzerlingii
1582 1889 1758 1921 Promuls.

1033 1946 1121 1979 Crit.
1147 1953 1177 1976 c.
1201 1944 1272 1984 50.,
1296 1943 1399 1974 codd.
1422 1936 1512 1976 nulli
1545 1947 1762 1987 agnoscunt,

1030 1999 1099 2031 nisi
1132 1999 1211 2030 Bel.
1246 2005 1314 2037 pro
1349 2007 1382 2029 v.
1416 2006 1489 2029 ser.
1541 1998 1686 2031 Eaestat
1708 2008 1762 2031 >ex

1030 2055 1157 2096 glossa
1180 2054 1246 2084 est.
1271 2051 1350 2082 Illo
1369 2051 1453 2083 mihi
1475 2052 1648 2094 originem
1661 2063 1762 2089 suam

1033 2111 1165 2142 debere
1188 2106 1350 2140 librariis
1379 2107 1549 2150 videtur,
1582 2109 1641 2149 qui
1671 2109 1762 2154 illud

1031 2166 1076 2197 ut
1107 2164 1147 2196 in
1180 2163 1323 2204 populo
1355 2171 1429 2195 non
1461 2163 1551 2195 satis
1574 2164 1762 2206 intellige-

1031 2222 1129 2262 rent,
1160 2219 1281 2259 itaque
1311 2219 1455 2259 populo
1485 2217 1575 2250 illo
1609 2220 1762 2252 coniun-

1031 2278 1174 2318 gerent.
1230 2275 1360 2306 Restat
1395 2274 1542 2315 antiqua
1563 2275 1683 2308 forma
1703 2275 1764 2309 illi
1818 2305 1823 2307 s

1033 2339 1100 2373 pro
1123 2329 1217 2371 illic,
1242 2327 1346 2370 quam
1368 2330 1406 2361 in
1429 2330 1599 2362 Terentio
1621 2330 1655 2362 σε
1673 2330 1763 2363 Vir-

1033 2387 1120 2428 gilio
1132 2387 1210 2418 iure
1226 2385 1358 2426 probat
1370 2385 1545 2417 Donatus.
1579 2386 1651 2417 Sed
1663 2386 1762 2418 Naso

1034 2442 1214 2482 antiquam
1223 2440 1508 2473 orationemnon
1521 2442 1625 2472 amat.
1639 2437 1764 2481 Quare

1034 2506 1167 2538 sequor
1189 2495 1384 2528 Heius-ium.
1406 2511 1451 2516 —
1479 2494 1528 2526 Ut
1547 2494 1586 2526 in
1607 2496 1762 2536 populo,

1033 2562 1084 2586 sc.
1119 2550 1294 2584 credibile
1328 2553 1399 2592 est,
1434 2550 1495 2582 vel
1520 2550 1600 2582 fleri
1621 2553 1762 2592 potest.

1034 2610 1199 2641 Modeste
1221 2607 1312 2638 haec
1344 2606 1459 2637 verba
1483 2606 1614 2638 addita.
1659 2607 1762 2638 Pont.

1036 2664 1101 2705 IV,
1125 2666 1160 2704 5,
1186 2661 1242 2693 11.

1100 2726 1131 2755 Si
1152 2726 1229 2761 quis,
1248 2729 1281 2753 ut
1298 2724 1329 2752 in
1342 2725 1463 2760 populo,
1484 2721 1534 2759 qui
1547 2723 1614 2751 sitis
1629 2726 1659 2751 et
1675 2722 1784 2755 under*

1429 2767 1566 2802 requiret
1583 2782 1616 2787 —-

1034 2829 1135 2860 Pone.
1161 2829 1191 2868 1,
1215 2827 1250 2868 7,
1276 2827 1326 2859 15.
