1846 3146
233 180 333 230 172

498 179 556 229 P.
592 178 817 230 ovmn
850 156 1170 231 NAsole
1205 165 1554 232 TRISTIUM'
1628 239 1633 247 ,

230 302 329 358 Nil.
356 303 508 367 igitur
540 305 759 351 matrona
791 300 943 366 legat,
981 304 1093 367 quia
1128 304 1340 352 carmine
1373 302 1435 353 ab
1473 303 1601 352 omni
1661 302 1767 358 ,255

297 384 386 433 Ad
420 378 801 450 delinquendum
835 382 1038 434 doctior
1063 400 1177 434 esse
1212 371 1391 453 potest.

231 467 583 533 Quodcumque
618 469 852 532 attigerit,
888 470 932 518 si
967 479 1061 533 qua
1095 474 1171 518 est
1205 467 1428 518 studiosa
1444 470 1674 548 sinistri,

296 551 385 601 Ad
418 553 591 601 vitium
624 565 785 600 mores
821 552 1029 600 instruet
1060 551 1177 601 inde
1210 567 1342 601 suos

232 632 476 685 Sumserit
509 633 735 684 Annales
768 660 837 673 -ν-
870 634 994 683 nihil
1028 641 1104 684 est
1137 635 1370 684 hirsutius
1404 634 1509 683 illis
1539 655 1634 696 ;--;

297 717 456 800 Εειοιει
492 720 556 766 sit
589 717 721 766 unde
753 733 932 784 parens
966 719 1062 767 Ilia
1094 733 1267 785 nempe
1301 718 1453 783 leget.

231 852 353 894 serv„
376 853 468 894 Iun.,
491 852 640 894 Pol.'1.,
664 853 813 895 Franc„
834 853 963 886 Vna-

228 907 270 940 lii
292 908 413 939 Heius.
439 910 476 940 et
506 907 663 939 eiusdem
684 909 738 940 ed.
761 917 831 950 pr.‚
856 908 964 942 Crev.

230 965 268 995 et
291 964 428 1006 Berol.,
453 970 607 1005 quoque,
632 966 726 1004 quod
742 965 878 1005 primus
900 973 965 997 re-

231 1019 329 1059 cepit
352 1019 528 1051 Heinsius.
567 1021 647 1052 Put.
672 1027 828 1061 quaque.
863 1020 965 1052 Leid.

230 1073 375 1115 quique.
428 1074 507 1106 Rel.
541 1082 718 1117 quasque.
774 1076 873 1107 Unus
903 1075 966 1107 vel

231 1129 302 1159 duo
327 1128 448 1161 HeinS.
471 1137 648 1171 quaeque.
693 1127 835 1170 Reliqui
863 1131 966 1162 codd.

232 1187 269 1217 et
314 1187 404 1217 vett.
450 1186 528 1217 edd.
574 1185 754 1226 quodque.
813 1184 966 1226 Optime.

230 1240 352 1274 Versu
397 1241 474 1272 253.
516 1241 585 1272 sibi
626 1241 705 1282 ipse
756 1243 801 1273 ad
850 1242 966 1284 illud,

232 1297 328 1337 quod
351 1304 391 1328 se
414 1290 589 1328 honestas
611 1297 789 1329 mulieres
806 1298 851 1329 ab
875 1300 977 1330 Artee

230 1361 297 1384 sua
321 1353 547 1385 submovisse
572 1353 687 1395 dixit,
725 1354 892 1393 opponit:
917 1353 970 1385 At

231 1408 413 1439 matrona
434 1409 563 1448 potest
584 1409 734 1441 artibus
746 1406 882 1441 alienis
906 1409 967 1444 (a-

230 1463 305 1505 liis,
329 1471 403 1496 non
425 1464 494 1496 sibi
517 1465 682 1506 scriptis)
707 1463 763 1496 uti
787 1465 836 1502 (h.
857 1471 887 1495 e.
909 1464 968 1495 le-

230 1521 358 1565 gere),
390 1520 505 1561 atque
541 1520 649 1562 (ita),
674 1513 877 1562 quamvis‘
894 1527 970 1550 non

233 1574 348 1615 (ipsa)
373 1576 578 1616 doceatur,
613 1575 735 1617 lambet,
765 1575 866 1617 quod
886 1572 970 1606 vitii

230 1630 376 1677 trahat.
424 1633 654 1672 Respondet:
670 1630 738 1663 Nil
748 1630 867 1672 iyitur
876 1630 969 1662 Ma-

232 1687 348 1718 trona
379 1687 448 1719 etc.
474 1711 483 1719 .
509 1711 517 1718 .
545 1711 553 1719 .
611 1688 716 1720 Hunc
739 1695 882 1719 sensum
905 1694 970 1718 re-

232 1742 341 1782 quirit
365 1743 542 1774 orationis
562 1745 770 1785 contextus,
791 1743 886 1774 unde
900 1749 969 1783 ap-

232 1801 356 1840 paret,
387 1807 456 1839 quo
486 1799 566 1830 iure
596 1798 824 1831 recentiores
848 1798 969 1843 editos

229 1861 292 1885 res
324 1854 489 1893 plerique
524 1863 604 1886 cum
635 1854 783 1886 Heinsio
808 1854 970 1894 scripse-

225 1908 311 1956 ¹rint
334 1916 478 1949 quoque
503 1909 646 1940 trahat.
698 1909 868 1940 Trahere
891 1908 968 1940 ali-

231 1962 322 2005 quid
345 1964 390 1994 de
413 1965 625 1996 morborum
648 1964 687 1996 vi
709 1967 818 2005 atque
838 1966 969 1996 conta-

233 2020 318 2062 giis,
343 2027 435 2061 quae
468 2019 602 2051 sensim
628 2020 832 2059 sensimque
863 2020 967 2052 imbi-

231 2076 365 2108 buntur
388 2083 461 2106 non
478 2082 611 2107 rarum.
663 2074 725 2106 Sic
737 2074 868 2106 vitium
881 2075 968 2106 tra-

231 2130 321 2162 here
343 2130 434 2163 Plin.
448 2130 492 2162 N.
505 2131 547 2161 Η.
561 2131 704 2162 XXXII.
730 2138 759 2162 c.
786 2130 827 2162 10
840 2141 852 2172 ς
878 2139 968 2162 con-

234 2184 341 2227 tagia
364 2183 522 2216 trahere
545 2183 611 2217 Ov.
634 2185 694 2217 Tr.
719 2186 769 2228 V,
787 2187 838 2219 10.
865 2188 968 2220 Pont.

233 2241 300 2282 111,
325 2239 361 2280 2,
387 2239 439 2271 13.

299 2296 374 2330 Quis
394 2304 454 2324 non
480 2303 497 2324 e
516 2297 613 2325 timidi
605 2305 630 2326 is
649 2300 735 2336 aegri
762 2301 904 2337 contagia
920 2302 970 2330 vi-

633 2346 688 2378 tat,

312 2385 413 2415 -vici
404 2395 486 2415 mum
521 2391 659 2416 metuens
693 2396 732 2416 ne
768 2390 869 2419 trahat
898 2389 970 2418 inde

188 2515 191 2518 v
231 2470 320 2501 Met.
345 2469 376 2510 1,
401 2467 478 2500 412.
533 2491 538 2499 .
632 2433 767 2461 mamm?

297 2531 393 2563 Missa
412 2533 518 2567 (saxa)
537 2532 597 2561 viri
615 2533 752 2561 manibus
777 2535 886 2563 faciem
904 2538 969 2564 tra-

631 2585 705 2605 xere
723 2577 845 2606 virilem
863 2594 899 2598 —-

231 2648 291 2680 ubi
314 2647 386 2680 vid.
411 2647 514 2681 Gier.
552 2635 703 2680 Ducere
726 2645 971 2680 cousuetudi-

231 2712 316 2736 nem
339 2705 470 2736 senec.
496 2704 540 2736 de
563 2703 749 2744 Tranquil.
770 2711 800 2735 c.
817 2703 869 2736 16.
900 2705 970 2736 Se-

232 2768 314 2792 nec.
338 2761 405 2800 Ep.
439 2760 471 2792 2.
503 2757 621 2790 cerlis
652 2757 811 2800 ingeniis
838 2756 972 2790 immo-

239 2813 328 2846 rari
353 2815 390 2846 et
411 2803 599 2846 innutriri
630 2813 792 2854 oportet,
826 2812 859 2844 si
881 2811 974 2845 velis

237 2868 383 2911 aliquid
407 2869 575 2911 trahere,
599 2870 701 2911 quod
722 2867 761 2901 in
778 2867 902 2901 animo
923 2866 973 2909 fi-

1665 717 1765 767 260

1018 841 1173 886 ’ἀεῑίΐεν
1195 851 1334 885 sedeat.
1371 852 1508 886 Eodem
1526 859 1634 885 sensu
1645 862 1680 884 v.
1691 852 1767 885 277.

1035 911 1091 942 est
1113 908 1324 949 concipere.
1368 909 1424 942 De
1446 907 1513 940 illo
1538 915 1608 948 que
1629 907 1702 940 vid.
1720 908 1766 939 ad

1034 966 1085 1007 V,
1109 964 1153 1014 1,
1168 965 1222 997 78.
1267 963 1349 1013 1201:
1370 963 1402 997 1.
1428 963 1620 1016 trahatur.

1079 1043 1158 1074 255.
1192 1042 1298 1075 Goth.
1309 1063 1324 1084 ,
1359 1041 1435 1074 Pal.
1473 1041 1505 1073 2.
1514 1061 1529 1083 ‚
1562 1039 1707 1072 Pirckh.
1730 1039 1769 1070 et
1813 1069 1819 1073 .

1037 1098 1127 1129 vett.
1159 1098 1238 1128 edd.
1267 1105 1363 1139 quae
1396 1105 1515 1129 carm.
1594 1095 1700 1128 Conf.
1734 1095 1767 1136 1,

1033 1155 1070 1194 5,
1093 1152 1147 1185 41.
1200 1153 1371 1186 ceterum
1409 1152 1531 1184 facete
1557 1141 1661 1188 iilud-
1681 1157 1768 1182 ma-

1035 1207 1151 1239 trona
1178 1218 1214 1240 v.
1246 1208 1322 1239 253.
1352 1206 1505 1248 repetit:
1542 1206 1644 1238 dana
1665 1213 1768 1237 muss

1035 1262 1107 1295 die
1136 1263 1366 1295 Matrone
1393 1269 1468 1302 yar
1499 1260 1622 1293 nichte
1655 1262 1766 1293 lesen.

1036 1318 1141 1351 Conf.
1165 1318 1242 1351 261.
1273 1318 1350 1351 262.
1379 1316 1456 1349 288.
1485 1316 1563 1348 289.
1592 1315 1668 1349 361.
1691 1310 1768 1349 362.

1034 1372 1111 1404 413.
1136 1373 1214 1407 414.

1079 1449 1156 1480 257.
1179 1448 1349 1492 Sinistri,
1371 1458 1570 1497 pravorum
1579 1449 1661 1482 sive
1679 1444 1768 1490 pra'-

1039 1512 1168 1536 varum
1192 1506 1333 1537 artium.
1378 1506 1585 1547 Propositio
1614 1503 1770 1547 infinita,

1038 1569 1143 1602 quam
1165 1561 1372 1593 inductione
1394 1561 1537 1602 probat.
1557 1576 1602 1583 —
1623 1559 1669 1591 V.
1684 1558 1768 1590 ·258.

1038 1618 1146 1650 crev.
1166 1622 1415 1658 quoscunque.
1450 1618 1584 1649 Bersm.
1599 1600 1766 1646 instruit.

979 1678 981 1680 “
1035 1673 1112 1706 Pal.
1146 1673 1178 1705 2.
1212 1670 1366 1704 astruit.
1427 1673 1517 1706 Exc.
1550 1671 1661 1704 Voss.
1695 1668 1768 1700 ad-

1035 1727 1172 1759 struet.
1219 1727 1339 1760 Guelf.
1362 1727 1506 1760 constr.
1556 1725 1561 1734 “

1081 1814 1159 1852 259.
1193 1810 1303 1844 Nihil
1348 1809 1406 1844 est
1448 1807 1635 1842 hir-metius
1676 1806 1781 1840 illim*

1031 1869 1146 1901 Goth.
1168 1866 1225 1899 nil
1247 1866 1314 1900 est.
1356 1865 1468 1900 Prim.
1489 1865 1575 1898 vat.
1597 1864 1656 1897 est
1669 1862 1770 1896 irri-

1035 1923 1152 1955 simus
1173 1921 1264 1954 illis.
1309 1922 1415 1954 Bern.
1433 1919 1496 1952 est
1514 1918 1575 1952 laic
1598 1916 1769 1951 sanctius

1001 1988 1009 1992 ’
1035 1978 1131 2011 istis.
1186 1978 1296 2012 Crev.
1317 1976 1396 2018 ‘pro
1425 1985 1467 2015 v.
1493 1984 1582 2018 sen,
1603 1974 1684 2008 Bel.
1705 1972 1768 2005 in-

1035 2032 1232 2066 structius.
1241 2049 1286 2059 -—
1298 2029 1498 2077 flirsutius
1508 2030 1540 2062 h.
1551 2038 1582 2062 e.
1593 2028 1767 2071 riyidius,

1007 2119 1019 2125 ,
1035 2087 1214 2120 severius.
1260 2086 1428 2119 Annales
1449 2086 1676 2136 recentiores
1699 2085 1781 2117 iio-⁷

1035 2153 1115 2176 rum
1145 2143 1342 2175 carminum
1373 2137 1614 2192 interpretes,
1648 2139 1794 2183 Platz,'

1037 2199 1162 2240 Klein,
1184 2199 1273 2230 Iahn
1305 2200 1342 2230 et
1369 2197 1438 2229 ‚alii
1461 2206 1540 2230 cum
1563 2198 1767 2230 Burmauno
1808 2199 1822 2241 ζ

1036 2243 1245 2295 intellig'unt
1277 2252 1447 2286 Annales
1480 2251 1768 2285 maximos‘sive
1828 2285 1836 2293 ,

1036 2309 1249 2342 Pontificum
1258 2331 1272 2352 ,
1307 2307 1572 2341 vetustissimos
1601 2307 1687 2341 illos
1707 2307 1768 2339 hi-

1035 2367 1232 2411 stoi-mrum
1254 2365 1500 2396 Romanarum
1525 2363 1656 2405 libroS,
1680 2371 1770 2404 quos

1036 2421 1221 2453 incondita
1251 2422 1361 2460 atque
1406 2420 1556 2452 horrida
1599 2418 1768 2453 oratione

1036 2477 1149 2509 fuisse
1169 2476 1332 2518 scriptos
1345 2483 1424 2507 cum
1441 2463 1767 2517 aliip'rodiderunt,

1038 2533 1113 2563 tum
1143 2531 1274 2564 Cicero
1309 2532 1346 2563 in
1374 2532 1419 2564 11.
1456 2532 1500 2575 de
1527 2531 1628 2568 orat.
1651 2537 1691 2563 ·c.
1716 2531 1768 2563 12.

1038 2588 1245 2627 Perperam.
1290 2585 1519 2628 Intelligendi
1539 2587 1622 2618 sunt
1634 2584 1770 2618 Anna-

1038 2643 1105 2683 les,
1131 2650 1278 2674 carmen
1300 2642 1395 2674 Enni
1415 2640 1559 2682 poetae.
1603 2641 1675 2674 Illa
1700 2650 1769 2674 au·-

1040 2700 1113 2731 tem
1135 2697 1230 2730 nihil
1253 2698 1310 2729 est
1331 2688 1516 2729 hirsutius
1534 2693 1615 2728 illis
1637 2692 1710 2727 non
1725 2697 1770 2728 de
1789 2695 1823 2719 ·‘

1040 2753 1134 2786 Enni
1177 2753 1344 2786 versibus
1388 2760 1434 2784 ac
1466 2758 1634 2784 sermone
1668 2751 1770 2785 aeci—

1040 2809 1188 2855 pienda,
1211 2807 1374 2850 quamvis
1396 2815 1563 2850 asperam
1581 2808 1690 2848 atque
1712 2806 1771 2838 in-

1041 2865 1220 2899 conditam
1251 2865 1347 2899 iuius
1374 2861 1509 2905 poetae
1542 2860 1772 2896 misse‘ora-
