1846 3146
179 180 278 229 418

439 180 496 229 Ρ.
532 179 754 231 OVIDII
789 178 1104 231 NASONIS
1142 178 1487 233 TRISTIUM

183 299 336 351 Curia
367 301 606 363 restabat3
645 302 778 352 olavi
810 316 1034 352 mensura
1067 307 1241 352 coacta
1274 306 1376 351 est:

1635 303 1702 354 35

247 385 410 434 Maius
443 390 548 433 erat
579 387 760 435 nostris
792 386 982 436 viribus
1016 385 1146 435 illud
1183 399 1320 434 onuS.

181 469 294 518 Nee
327 468 516 534 patiens
552 483 729 535 eorpus
762 484 856 518 nee
887 484 1022 519 mens
1055 469 1150 518 fuit
1182 473 1296 535 apta
1330 467 1504 530 labori,

248 549 605 616 Sollicitaeque
638 541 794 616 fugax
828 551 1100 603 ambitionis
1137 566 1294 613 eram;

180 634 249 683 Et
278 639 448 700 petere
481 634 675 684 Aoniae
708 634 980 686 suadebant
1013 640 1116 685 tuta
1156 634 1374 686 Sorores

248 716 376 779 Otia,
410 717 594 767 iudicio
627 732 819 783 semper
851 723 1006 767 amata
1039 733 1160 766 meo.

1638 716 1704 766 40

181 799 440 866 Temporis
469 801 605 849 illius
641 800 773 849 colui
807 800 1012 865 fovique
1048 805 1239 867 poetaS,

249 882 472 948 Quotque
506 883 710 932 aderant
741 888 900 945 vateS‚
935 883 1080 934 rebar
1111 883 1290 932 adesse
1325 880 1463 932 deos.

180 964 347 1032 Saepe
381 983 495 1016 suas
527 965 762 1016 volucres
795 966 923 1033 legit
954 967 1069 1017 mihi
1104 965 1339 1032 grandior
1372 979 1518 1027 aevo,

245 1048 479 1114 Quaeque
521 1053 668 1129 nocet
709 1065 940 1117 serpem,
987 1065 1111 1116 quae
1151 1052 1291 1112 iuvat
1321 1047 1490 1111 herba,
1525 1047 1640 1098 Ma-

178 1265 254 1298 alia
274 1273 425 1298 munera
448 1265 586 1308 civilia,
610 1265 734 1307 quibus
755 1265 908 1306 perfim-

179 1324 259 1355 ctus
297 1323 373 1364 est,
406 1321 440 1352 h.
472 1322 498 1354 l.
532 1330 606 1354 non
637 1323 909 1364 commemorat,

178 1376 481 1409 centumviratum
505 1377 595 1417 (vid.
618 1378 667 1419 11,
693 1377 781 1419 953,
805 1379 842 1409 et
865 1378 909 1409 de

178 1439 248 1472 quo
271 1432 369 1464 Fast.
395 1433 464 1473 IV,
478 1432 553 1464 384.
572 1433 749 1474 quuitur,
764 1433 908 1465 decem-

176 1486 355 1525 vii-atum.
374 1487 538 1520 nimirum
566 1489 636 1520 hoc
667 1488 751 1520 loco
784 1489 908 1520 decla—

177 1544 364 1584 raturus„
384 1551 475 1583 quos
513 1544 648 1584 gradus
683 1542 823 1575 iuvenis
862 1544 909 1575 ad

177 1597 315 1629 curiam
337 1597 478 1630 fecerit.

222 1686 276 1718 35.
311 1685 420 1718 Clavi
457 1692 637 1718 mensura
670 1686 805 1717 coacta
843 1687 908 1719 est.

177 1739 254 1772 Sed
273 1740 385 1783 coie'yi,
400 1739 576 1774 coartavi
590 1748 806 1773 mensuram
823 1743 909 1773 cla-

176 1795 225 1836 vi,
250 1797 410 1837 anyusto
422 1797 548 1838 clavo,
560 1794 624 1837 qui
635 1794 798 1837 equitum
809 1805 907 1838 pro-

174 1849 297 1892 prius,
310 1852 482 1892 recepto,·
506 1852 627 1891 itaque
649 1859 749 1891 spem
771 1854 808 1883 et
825 1854 908 1884 stu-

177 1906 270 1938 dium
293 1902 504 1938 senatoriae
535 1905 718 1947 dignitatis
748 1906 837 1943 (vid.
860 1908 907 1939 ad

175 1971 210 1994 V.
234 1962 306 1998 29.)
330 1960 447 1993 abieci
470 1962 507 1992 et
529 1961 575 1991 ad
599 1959 839 1994 conditionem
863 1971 906 1994 e-

176 2017 357 2056 questrem
391 2015 492 2047 redii.
554 2017 650 2048 Mor.
683 2017 720 2047 et
754 2018 810 2049 111
842 2018 906 2050 alii

175 2070 297 2102 Heius.
321 2072 481 2103 coarcta
509 2071 575 2103 est.
628 2070 725 2103 Gall.
748 2073 786 2104 et
808 2073 902 2105 Busl.

177 2126 235 2158 est
256 2127 435 2160 omittunt.

220 2205 274 2236 36.
312 2203 423 2236 Onus.
477 2203 553 2237 Pal.
582 2205 638 2246 2.,
667 2212 747 2236 exc.
778 2203 904 2244 Voss.,

175 2261 267 2302 iun„
289 2259 458 2302 Pirckh.‚
488 2261 599 2302 Reg.,
623 2261 726 2292 Serv.
734 2280 748 2300 ,
770 2258 820 2289 XI
842 2257 905 2288 alii

174 2315 293 2348 Heius.
317 2317 354 2347 et
377 2315 536 2347 eiusdem
559 2315 613 2346 ed.
637 2322 691 2354 pr.
699 2335 714 2356 ,
737 2313 844 2344 Bern.
868 2311 906 2342 et

174 2371 291 2402 nostri
314 2370 350 2403 V
374 2377 478 2410 opus.
529 2370 609 2402 Bel.
636 2371 755 2401 tamen
778 2373 846 2407 pro
867 2374 904 2397 v.

173 2433 246 2456 scr.
271 2433 375 2456 onus.
398 2443 442 2448 —
464 2426 518 2457 De
541 2430 584 2457 re
608 2425 704 2457 conf.
727 2425 759 2465 1,
776 2424 812 2464 5,
835 2421 906 2463 72.,

174 2481 242 2522 IV,
265 2481 302 2523 8,
326 2482 357 2514 6.
384 2497 426 2503 -
450 2481 529 2512 Art.
552 2482 593 2512 A.
618 2481 686 2521 ΠΙ,
709 2478 783 2512 541.

239 2553 301 2581 Nec
319 2561 374 2582 nos
393 2554 532 2589 ambitio,
559 2562 617 2582 nec
634 2561 718 2582 amor
735 2560 789 2581 nos
808 2552 906 2588 tmgit

571 2598 721 2626 habendi:

287 2641 447 2670 Contemto
473 2642 585 2670 colitur
607 2643 705 2671 lectus
740 2646 772 2671 et
801 2644 905 2671 umbra

574 2685 650 2715 foro.

174 2752 278 2787 Gonf.
301 2755 426 2787 Amor.
453 2757 485 2796 1,
510 2755 563 2787 15.
587 2773 631 2778 —
653 2757 698 2788 V.
723 2756 775 2788 37.
809 2757 905 2798 Put.,

172 2809 331 2850 Pirckh„
354 2809 389 2840 V
412 2809 475 2841 alii
498 2811 619 2842 Heius.
644 2811 681 2842 et
698 2811 753 2843 ed.
769 2812 905 2844 Bonon.

172 2873 273 2897 mens
297 2870 391 2897 erat.
439 2864 546 2898 Crev.
572 2863 729 2897 laboris.

1034 1148 1120 1183 cer
1130 1153 1144 1196 ς

1019 1267 1073 1299 38.
1095 1264 1306 1308 sollicitae,
1324 1273 1421 1308 quae·
1439 1263 1708 1299 sollicitudines

975 1324 1014 1354 et
1042 1330 1150 1355 curas
1179 1322 1297 1355 habet.
1349 1323 1412 1355 Sic
1440 1319 1631 1354 sollicitus
1660 1328 1708 1352 a-

974 1384 1071 1419 mor,
1103 1376 1310 1409 sollicitum
1341 1385 1473 1419 mare,
1517 1374 1709 1408 sollicitus

976 1430 1090 1464 timor
1113 1434 1207 1474 apud
1229 1433 1423 1466 Nasonem.
1467 1429 1583 1474 Quam
1599 1429 1708 1463 solli-

976 1487 1049 1520 cita
1071 1490 1190 1520 autem
1214 1482 1437 1530 temporibus
1466 1485 1630 1520 florentis
1651 1484 1709 1518 rei

975 1542 1146 1582 publicae
1188 1543 1302 1577 fuerit
1345 1543 1492 1575 ambitio
1531 1549 1612 1574 cum
1643 1538 1708 1572 alii

975 1598 1078 1630 Rom.
1100 1598 1302 1640 scriptores
1325 1599 1472 1640 docent,
1491 1598 1567 1629 tum
1589 1594 1708 1636 inpri-

975 1652 1041 1684 mis
1066 1652 1140 1685 Cic.
1165 1655 1201 1686 in
1223 1654 1351 1686 libello
1375 1655 1419 1686 de
1430 1653 1594 1700 petendo
1606 1650 1707 1684 Con-

974 1707 1044 1739 sul.
1069 1707 1174 1741 Conf.
1204 1708 1279 1741 Cic.
1311 1711 1356 1741 de
1385 1709 1486 1742 orat.
1515 1708 1581 1740 111.
1604 1715 1636 1739 c.
1658 1707 1707 1748 2.,

974 1770 1044 1802 pro
1067 1762 1194 1796 Milon.
1217 1772 1248 1796 c.
1273 1764 1326 1797 16.
1378 1762 1484 1805 Scio,
1514 1769 1627 1805 quam
1655 1759 1707 1793 ez·-

972 1815 1077 1848 mida
1115 1816 1166 1849 sit
1198 1818 1372 1860 ambitio,
1416 1819 1634 1861 quantaque
1672 1815 1710 1849 et

973 1880 1087 1914 quam
1108 1873 1276 1906 sollicita
1304 1871 1496 1916 cupiditas
1527 1873 1708 1907 consula-

974 1929 1046 1961 tus.

1017 1997 1071 2028 39.
1095 1993 1238 2027 Aoniae
1251 2000 1419 2034 sorores,
1430 1999 1499 2034 per
1510 1990 1706 2033 periphra-

972 2049 1029 2082 sin
1051 2052 1179 2083 Musae
1200 2058 1224 2081 a
1244 2049 1347 2091 loco,
1370 2049 1410 2080 ut
1433 2054 1546 2088 supra
1570 2045 1707 2078 doctae

971 2113 1125 2137 sorores
1153 2105 1199 2137 ab
1230 2106 1311 2136 arte
1345 2104 1384 2136 et
1410 2109 1475 2144 re,
1507 2100 1567 2133 cui
1591 2100 1706 2142 p'rae-

970 2160 1066 2191 sunt.
1110 2159 1240 2191 Dictae
1262 2159 1381 2191 autem
1394 2156 1536 2190 Aoniae
1558 2157 1604 2189 ab
1625 2156 1705 2189 Ao-

970 2214 1090 2256 nibus,
1112 2213 1244 2254 priscis
1267 2213 1343 2245 eius
1366 2212 1540 2245 Boeotiae
1569 2211 1705 2254 partis,

971 2269 1005 2301 in
1037 2277 1108 2310 qua
1139 2270 1195 2301 tot
1223 2266 1411 2301 Musarum
1441 2259 1579 2310 sedes,⁸
1602 2265 1706 2304 (vid.

972 2325 1019 2356 ad
1047 2325 1124 2366 111,
1154 2323 1343 2366 7,15.et
1371 2321 1469 2357 infra
1497 2323 1530 2355 h.
1561 2321 1646 2363 eleg
1667 2331 1706 2354 v.

973 2380 1067 2417 120.)
1090 2377 1231 2412 incolis.
1278 2370 1650 2420 Steph.Byz.'140vsc
1673 2371 1706 2408 ἔ-

971 2433 1066 2473 θνος
1102 2431 1290 2475 Βοιωτίας,
1326 2427 1393 2476 ἀφ’
1426 2444 1479 2466 ων
1511 2427 1536 2476 ἦ
1576 2428 1703 2466 Ἅὸνία.

971 2491 1054 2523 Vid.
1079 2489 1293 2523 Strab.V11.
1317 2499 1349 2532 p.
1372 2490 1464 2533 222„
1488 2490 1526 2521 et
1547 2488 1706 2529 interpp.

972 2545 1017 2577 ad
1030 2545 1133 2586 Virg.
1144 2545 1273 2587 Eclog.
1285 2546 1353 2588 VI,
1365 2545 1418 2578 64.
1465 2545 1568 2580 Conf-
1580 2544 1704 2579 sci-ab.

972 2601 1033 2632 IX.
1056 2600 1294 2634 init.-—Busl.
1319 2603 1357 2633 et
1378 2601 1485 2635 Serv.
1502 2599 1703 2634 Ausoniae.

1017 2679 1070 2711 42.
1105 2679 1201 2711 Busl.
1224 2677 1369 2720 quique.

1015 2755 1069 2788 43.
1101 2754 1220 2797 Leffit,
1244 2735 1448 2788 recitavit(
1472 2743 1556 2787 via.
1572 2755 1618 2787 ad
1636 2754 1705 2796 m,
1729 2798 1734 2803 θ

973 2809 1030 2852 15,
1042 2811 1094 2843 39.
1140 2812 1223 2854 Seg.
1235 2810 1426 2853 grandior
1443 2810 1563 2852 aetas,
1575 2818 1644 2851 pro
1666 2819 1702 2843 v.

972 2874 1074 2898 aevo.
