1846 3146
235 173 334 242 512
403 188 406 192 ·

480 172 537 221 P.
573 172 797 223 OVIDII
827 173 1141 228 NASONIS
1173 178 1513 232 TRISTIUM

238 295 309 344 At
342 295 483 343 timor
516 294 682 345 officio
716 295 856 361 fungi
888 302 1027 347 vetat
1057 301 1166 365 ipse
1199 303 1386 365 quieto:

264 377 266 379 ’
304 375 507 426 Cinctus
541 378 601 426 ab
634 380 881 428 innumero
915 396 990 429 me
1023 386 1156 431 tenet
1189 383 1330 432 hoste
1363 383 1517 433 loeus.
1570 412 1573 414 >

235 459 403 520 Adde,
441 459 571 524 quod
603 463 846 526 ingenium
879 463 1029 527 longa
1061 465 1283 529 rubigine
1316 465 1500 515 laesum

1690 385 1755 434 20

303 542 507 608 Torpet‚
543 548 593 591 et
628 549 704 592 est
733 546 898 607 multo,
933 563 1071 611 quam
1101 547 1194 595 fuit
1227 552 1354 608 ante,
1386 550 1554 598 minus.

234 624 454 685 Fertilis,
487 625 688 678 ,assiduo
723 630 767 676 si
800 645 897 678 non
930 634 1195 678 renovetur
1226 635 1403 691 aratro,

301 707 392 756 Nil
425 709 521 756 nisi
555 724 661 757 eum
695 711 847 776 spinis
883 726 1079 775 gramen
1111 711 1308 761 habebit
1340 728 1473 777 ager.

234 789 480 856 Tempore
515 787 595 855 qui
629 793 781 857 longo
813 796 1017 854 steterit,
1051 793 1177 843 male
1205 801 1367 844 curret
1400 801 1450 844 et
1481 797 1622 847 inter,
1689 798 1753 847 25

280 870 596 924 ,carceribus
629 878 805 925 missos
838 875 1031 924 ultimus
1065 877 1154 925 ibit
1185 891 1350 941 equus.
1656 863 1664 870 ⁹

234 954 457 1004 Vertitur
488 959 539 1005 in
572 963 786 1007 teneram
821 960 1012 1018 cariem,
1048 960 1274 1023 rimisque
1307 948 1534 1022 dehiscit,

301 1035 361 1087 Si
396 1054 489 1103 qua
525 1038 608 1089 diu
642 1041 800 1091 solitis
839 1041 1012 1106 cymba
1043 1041 1242 1090 vacabit
1274 1044 1447 1106 aquis..

233 1188 309 1221 sius
340 1197 387 1222 ex
419 1198 492 1223 uno
515 1189 599 1222 vat.
629 1192 667 1223 et
687 1193 763 1224 Pal.
787 1193 817 1226 1.
842 1195 962 1228 dedit:

199 1258 200 1261 ¹
232 1246 279 1278 ut
298 1244 453 1286 patriae
474 1244 635 1277 veniant.
679 1248 822 1289 Reliqui
835 1250 962 1291 scripti

234 1302 272 1333 et
287 1300 450 1342 impressi
463 1301 507 1332 ut
524 1299 678 1333 veniant
687 1303 854 1346 patriae,
867 1307 961 1346 quod

232 1355 449 1388 mihiverum
461 1351 624 1398 videtui-3
640 1365 720 1389 nam
735 1351 901 1400 exempla
917 1369 961 1393 u-

233 1409 395 1451 triusque
427 1412 623 1444 verborum
658 1413 792 1446 ordinis
837 1415 962 1448 afferri

232 1467 394 1505 possunt.
426 1465 506 1498 Vid.
517 1477 551 1500 v.
571 1468 623 1499 36.
642 1470 678 1500 et
700 1470 744 1501 ad
768 1472 833 1511 111,
859 1470 893 1512 1,
905 1472 959 1503 53.

282 1512 410 1550 Vestri
439 1528 484 1552 ex
513 1523 627 1564 Reg.,
656 1525 751 1556 Mor.
781 1527 835 1557 111
864 1526 960 1568 aliis,

233 1573 359 1614 quibus
383 1577 526 1608 accedit
545 1578 687 1619 Dresd.,
707 1579 874 1611 Heinsius
895 1588 960 1612 re-

233 1630 344 1671 cepit,
362 1638 430 1670 pro
442 1631 626 1672 scriptura
637 1632 859 1673 reliquorum
871 1636 958 1666 vett.

231 1685 409 1718 librorum
438 1686 572 1722 nostri.
623 1688 756 1728 Recte;
786 1697 867 1720 nam
893 1689 959 1721 ob-

234 1738 327 1771 livia
356 1741 514 1773 nostri
543 1731 649 1775 etiam
682 1743 870 1785 timorem,
901 1744 959 1785 qui

232 1796 395 1836 sequitur
418 1807 452 1829 v.
476 1797 528 1829 19.
550 1798 721 1831 videntur
748 1799 958 1840 excludere,

233 1853 271 1883 et
312 1852 475 1892 sequitur
515 1853 662 1886 omnis
704 1855 757 1887 ut
799 1852 960 1886 amissi

232 1914 372 1938 sensus.

275 1984 328 2016 18.
369 1983 417 2015 Ut
439 1983 577 2017 amissi.
647 1987 695 2019 Ut
725 1985 851 2030 Gothi,
881 1989 960 2021 Put.

232 2041 270 2071 et
293 2040 347 2071 V1
370 2038 432 2071 alii
454 2040 590 2081 Heius„
611 2042 731 2072 Berol.
748 2045 785 2074 et
803 2043 959 2078 fortasse

231 2094 332 2136 Rel.,
362 2095 455 2134 quod
484 2095 637 2138 retinui,
672 2095 754 2136 quia
782 2097 891 2127 valde
914 2105 958 2128 eo

231 2149 379 2181 iuvatur
408 2151 605 2182 sententia:
641 2150 691 2182 Ut
718 2148 857 2182 oblivia
882 2158 958 2189 pa·-

233 2203 333 2235 triae
362 2203 534 2245 veniant,
567 2204 706 2237 oblivia
738 2204 856 2237 vestri
891 2213 958 2236 ve-

233 2258 353 2299 niant,
376 2259 421 2291 ut
442 2261 621 2298 (omuino)
653 2258 796 2297 omnis
822 2258 958 2291 amis-

231 2312 272 2344 si
295 2336 303 2344 .
332 2336 341 2344 .
366 2337 376 2346 .
420 2315 569 2356 Bel-sm„
584 2317 640 2347 111
661 2315 723 2347 alii
741 2315 892 2358 Heinsii,
915 2323 958 2347 e-

231 2368 367 2400 iusdem
390 2371 445 2401 ed.
468 2378 523 2410 pr.
546 2373 582 2401 et
595 2370 674 2401 Bel.
689 2370 851 2411 admissi,
864 2371 957 2411 quod

231 2424 329 2456 dedit
350 2425 531 2467 Heinsius,
554 2434 680 2466 parum
699 2429 906 2468 perspecta,
918 2427 958 2458 ut

232 2480 392 2523 videtur,
407 2480 599 2513 sententia.
643 2482 732 2523 Reg.
754 2469 870 2522 pro'v.
884 2489 956 2513 scr.

231 2535 269 2568 et
292 2544 317 2567 a
339 2544 440 2568 casu.

276 2624 329 2656 19.
365 2622 537 2666 Officium
559 2623 723 2667 quietum
747 2626 802 2656 est
815 2632 956 2666 munus,

232 2680 326 2720 quod
357 2679 511 2720 quietum
541 2680 694 2711 animum
725 2682 762 2712 et
789 2688 956 2712 securum

231 2735 341 2766 otium
364 2735 498 2776 poscit,
529 2737 568 2767 ut
597 2735 703 2767 etiam
728 2743 748 2766 e
769 2735 957 2776 sequenti-

229 2788 296 2820 bus
319 2790 429 2829 patet.
475 2789 555 2822 vid.
579 2791 611 2832 1,
634 2790 669 2832 1,
692 2789 744 2822 41.
769 2806 812 2812 —-
829 2789 904 2821 Pal.
925 2789 956 2821 1.

230 2845 268 2875 et
295 2843 399 2875 Serv.
429 2851 509 2876 esse
542 2843 675 2886 quieto.
720 2847 832 2888 Reg.,
863 2846 955 2886 Put„

1030 1192 1141 1235 Gall„
1163 1193 1274 1234 Mon,
1297 1193 1408 1236 nusl„
1431 1194 1522 1236 1un.,
1537 1193 1651 1235 Leid.,
1673 1201 1753 1227 exc.

1029 1247 1151 1289 Voss„
1174 1247 1249 1279 Pal.
1265 1247 1311 1288 2.,
1323 1249 1606 1290 Bersm.,Goth.,
1617 1249 1753 1291 caela,

1029 1304 1112 1344 seg.
1121 1324 1136 1345 ,
1165 1301 1271 1335 Crev.
1288 1305 1324 1334 et
1346 1304 1466 1337 Berol.
1479 1313 1557 1336 esse
1579 1304 1752 1345 quietum.

1027 1357 1149 1390 Berol.
1180 1359 1217 1388 et
1240 1358 1297 1389 ed.
1316 1367 1371 1398 pr.
1402 1359 1538 1392 Heinsii
1560 1359 1666 1392 etiam
1686 1359 1754 1401 fa·-

1029 1412 1083 1445 cit
1103 1422 1172 1454 pro
1196 1412 1310 1445 vetat.
1660 1428 1662 1431 ·

1071 1481 1125 1512 20.
1158 1481 1239 1512 vid.
1263 1481 1314 1522 V,
1340 1479 1376 1522 2,
1398 1477 1452 1511 32.
1498 1478 1621 1523 Crev.,
1640 1480 1753 1523 Gau,

1028 1536 1133 1568 Goth.
1156 1544 1179 1567 a
1202 1536 1232 1567 2.
1256 1544 1316 1578 m.,
1339 1536 1467 1568 Dresd.
1489 1542 1547 1566 me
1564 1535 1669 1566 vetat
1683 1535 1753 1566 Ιιο-

1026 1592 1091 1624 ste.
1149 1592 1254 1625 Goth.
1277 1598 1300 1622 a
1325 1589 1354 1622 1.
1378 1598 1422 1622 m.
1443 1598 1502 1621 me
1536 1589 1636 1621 tenet
1663 1598 1752 1623 esse.

1070 1657 1124 1688 21.
1157 1654 1300 1697 Longa.
1357 1656 1436 1688 Put.
1459 1655 1590 1687 multa.
1648 1656 1751 1690 Conf.

1026 1713 1093 1753 111,
1118 1711 1174 1753 15,
1197 1712 1250 1744 36.
1273 1712 1311 1743 et
1333 1712 1435 1743 Pont.
1458 1712 1489 1752 Ι,
1509 1712 1544 1752 5,
1558 1713 1590 1743 5.
1603 1713 1640 1744 et
1653 1720 1752 1754 seqq.

1027 1767 1132 1799 Goth.
1156 1775 1178 1798 a
1202 1767 1232 1799 1.
1256 1775 1300 1798 m.
1323 1766 1588 1809 rub.·ferrum.

1069 1844 1123 1876 23.
1156 1843 1385 1875 Renovetur.
1450 1844 1520 1884 IV,
1543 1844 1585 1885 6,
1608 1843 1662 1875 13.
1681 1868 1689 1871 .
1714 1843 1752 1875 V

1025 1897 1146 1930 Heius.
1169 1897 1396 1930 removetur.
1442 1899 1525 1939 seg.
1545 1898 1752 1930 moveatur.

1027 1953 1149 1985 Guelf.
1180 1955 1218 1984 et
1246 1953 1351 1984 Serv.
1380 1953 1602 1986 renovatur.
1629 1953 1751 1987 —-‘V.

1026 2009 1081 2041 24.
1115 2009 1221 2042 Goth.
1245 2007 1386 2038 humus.
1431 2008 1530 2041 Leid.
1551 2016 1714 2055 germen.

1054 2086 1123 2120 25.
1162 2085 1345 2124 Tempore
1368 2081 1441 2124 qui.
1490 2084 1567 2116 Pal.
1597 2084 1626 2116 1.
1656 2085 1750 2117 tem-

1023 2149 1118 2181 pore
1141 2148 1233 2171 cum.
1283 2139 1382 2178 vett.
1403 2139 1496 2180 edd.,
1518 2139 1618 2172 XXV
1648 2141 1750 2172 codd.

1025 2195 1160 2236 Heius„
1179 2195 1213 2226 in
1233 2193 1358 2234 quibus
1371 2194 1448 2225 Put.
1462 2195 1499 2226 et
1513 2194 1648 2240 Guelfi,
1659 2202 1751 2226 cur-

1024 2248 1090 2281 rit.
1135 2250 1231 2281 Idem
1256 2249 1382 2280 Dresd.
1404 2251 1444 2281 et
1461 2248 1582 2281 Berol.
1621 2249 1706 2291 seg.
1728 2256 1751 2281 a

1025 2303 1055 2336 1.
1078 2312 1123 2334 m.
1145 2303 1325 2336 steterat.

1067 2381 1120 2412 26.
1155 2379 1392 2412 carceribus.
1453 2380 1537 2413 Vid.
1559 2381 1609 2424 V,
1637 2382 1673 2423 9,
1695 2381 1750 2430 ²9:

1023 2436 1228 2478 „Nonnulli
1251 2438 1379 2479 (Mon,
1401 2436 1511 2479 nusi„
1536 2437 1628 2479 1un.,
1646 2437 1749 2471 Leid.

1025 2493 1062 2523 et
1085 2492 1138 2523 1V
1161 2491 1237 2532 alii,
1261 2491 1385 2532 quibus
1409 2492 1586 2524 accedunt
1604 2491 1750 2534 seg.⁴et

1024 2547 1167 2584 Berol.)
1197 2555 1319 2588 equos.
1377 2547 1537 2580 Rectius.
1600 2545 1747 2579 Hmivs.

1023 2603 1136 2635 Immo
1154 2603 1266 2644 peius.
1296 2600 1434 2635 Caussa
1449 2601 1486 2632 in
1503 2603 1643 2642 aperto.
1670 2602 1747 2634 Re-

1023 2657 1155 2689 vocavi
1178 2665 1301 2700 equus.
1348 2646 1452 2689 se'rv.
1472 2657 1510 2688 et
1522 2658 1616 2689 Mor.
1630 2655 1747 2690 intra.

1066 2734 1120 2766 27.
1159 2733 1357 2774 Teucrum,
1381 2734 1547 2775 mollem,
1575 2735 1614 2766 ut
1635 2734 1747 2766 facile

1021 2789 1056 2820 in
1088 2789 1251 2829 putridas
1286 2789 1483 2829 particulas
1515 2788 1747 2821 dissolvatur.

1020 2842 1190 2875 scabiem
1217 2844 1294 2876 Pol.
1325 2844 1354 2876 1.
1384 2846 1422 2877 et
1449 2844 1555 2877 Ham.
1585 2860 1628 2867 —
1657 2845 1747 2886 Reg.
