1846 3146
177 180 275 230 236

419 177 476 228 P.
511 175 735 227 ovum
769 170 1086 224 NASONIS
1121 143 1486 227 ΤΒΙΞἸῚΠΜ4

176 299 333 352 Cuius
367 305 421 349 ut
451 300 623 366 accepi
657 296 923 347 dominum:
959 294 1109 356 „Non
1142 292 1406 352 fallimur‚“
1438 292 1642 355 inquam,

244 384 346 446 „Et
377 384 538 447 magni
569 396 741 432 verum
780 384 857 428 est
887 378 1013 428 hanc
1043 379 1182 428 Iovis
1217 371 1329 426 esse
1363 374 1565 424 domum.

178 465 318 528 „Cur
350 471 508 515 tamen
541 465 764 531 apposita
794 461 989 516 velatur
1019 462 1163 510 ianua
1195 459 1351 519 lauro,

244 547 452 614 „cingit
483 551 534 596 et
564 545 818 612 Augustas
852 544 997 595 arbor
1029 558 1184 610 opaca
1217 538 1389 591 fores?

178 700 310 734 comite
333 699 583 742 exspectaret3
628 695 696 728 nisi
737 697 831 738 quod
865 703 909 728 a-

178 757 362 798 syndeton
413 755 505 787 illud
556 752 686 786 merito
733 751 909 793 displicet.

177 811 324 844 Verum.
361 809 545 850 scriptura
590 808 743 841 omnium
794 813 910 848 prope

179 867 299 899 codd..
318 865 354 898 et
385 864 539 906 simplex
579 866 617 896 et
646 864 797 905 elegans
837 864 910 904 est,

178 922 285 954 modo
309 928 355 952 ne
380 928 459 952 cum
480 919 663 952 Merkelio
687 919 771 960 post
792 927 827 950 v.
854 916 909 949 34.

180 977 376 1019 punctum,
409 983 479 1015 quo
518 974 695 1007 oratIonis
725 972 910 1006 vinculum

180 1032 360 1073 rumpitur
382 1036 580 1070 sensusque
590 1028 829 1070 pervertitur,
840 1035 910 1068 po-

179 1088 304 1128 natur,
334 1087 398 1118 sed
434 1092 587 1127 comma,
618 1085 682 1116 aut
711 1083 824 1116 omnis
853 1083 911 1114 in-

180 1142 387 1184 terpunctio
411 1140 608 1174 omittatur.
663 1138 769 1172 Nam‘
783 1146 911 1171 sensus

179 1197 218 1228 et
240 1199 425 1230 structura
446 1195 522 1229 loci
545 1196 617 1226 est:
646 1194 734 1226 dum
763 1193 913 1234 sinyula

179 1251 304 1284 miror
337 1275 345 1283 .
381 1275 390 1284 .
426 1273 456 1292 .,
488 1249 597 1282 video
632 1272 642 1280 .
673 1272 682 1280 .
717 1271 726 1280 .
748 1248 786 1280 et
808 1245 911 1280 dimi.-

183 1305 299 1339 haec
321 1308 461 1345 (certe)
489 1304 595 1339 Iovis
617 1305 675 1337 est
695 1304 835 1337 domus.

225 1375 342 1406 Porro
379 1374 456 1406 Pal.
494 1371 526 1404 1.
565 1369 671 1403 iocus
705 1371 797 1403 haec
831 1368 914 1403 dimi

181 1429 289 1463 Iovis
319 1429 384 1462 est.
445 1427 566 1460 Guelf.
604 1425 711 1459 Iovis
744 1427 802 1458 est
832 1424 914 1459 dimi

187 1487 319 1518 domus
341 1484 422 1517 hoc.
466 1483 552 1516 Vat.
577 1481 624 1525 1.,
653 1483 686 1515 11
708 1482 771 1514 alii
792 1482 914 1515 Heius.

185 1542 225 1573 et
259 1542 364 1572 Rern.
398 1539 530 1586 domus
568 1538 662 1570 haec
693 1536 776 1570 dixi
808 1536 915 1570 Iovis

182 1596 250 1628 est.
294 1596 391 1628 Busl.
423 1597 461 1628 et
493 1595 569 1626 Iun.
599 1593 733 1626 domus
754 1593 813 1624 est
833 1591 915 1625 dimi

182 1649 290 1683 Iovis
312 1648 415 1682 haec.
468 1651 569 1683 Vett.
592 1651 671 1682 edd.
696 1657 820 1682 omnes
843 1639 914 1680 do-

183 1715 266 1739 mus
294 1706 386 1738 haec
416 1703 499 1738 dimi
521 1704 628 1737 Iovis
650 1704 716 1736 est.
772 1701 917 1744 Reliqui

186 1762 289 1794 codd.
321 1759 427 1792 Iovis
460 1761 552 1793 haec
581 1759 663 1793 dimi
694 1760 825 1792 domus
848 1758 914 1790 est.

183 1817 257 1848 Pro
282 1817 433 1855 utraque
445 1815 649 1856 scriptura:
673 1814 918 1847 domus—Io-

185 1870 244 1903 vis
268 1874 304 1903 et
327 1869 485 1901 Iovis—
499 1870 630 1902 domus
650 1869 825 1911 disputari
847 1878 917 1910 po-

189 1928 272 1960 test.
331 1927 408 1958 Nos
447 1926 564 1957 secuti
603 1935 723 1957 sumus
754 1926 856 1957 codd.
881 1927 918 1957 et

188 1984 343 2025 optimos
367 1984 404 2014 et
426 1980 613 2023 plurimos.
658 1981 734 2012 Pal.
753 1980 786 2012 2.
810 1979 917 2012 etiam

187 2039 232 2071 ut
252 2037 343 2078 ipse.

234 2105 405 2140 ceterum
426 2103 561 2136 blando
584 2101 640 2134 illi
663 2101 797 2144 eri-orl,
824 2102 919 2143 quod

189 2161 343 2203 Augusti
373 2162 514 2192 domum
545 2165 634 2200 esse,
661 2160 787 2190 aedem
820 2158 919 2190 lovis

189 2218 359 2259 putaret,
404 2222 529 2246 ansam
557 2214 780 2256 praebebat,
825 2213 921 2254 quod

188 2266 350 2315 Quercus
385 2270 423 2302 et
451 2268 581 2302 habita
611 2269 669 2301 est
697 2267 783 2300 Iovi
804 2276 922 2300 sacra

190 2328 228 2360 et
249 2327 288 2359 in
313 2326 391 2359 eius
422 2325 544 2358 tutela
572 2325 741 2363 (Phaedr.
763 2325 831 2365 111,
855 2323 931 2364 17.,.

191 2385 297 2417 Serv.
310 2384 354 2415 ad
378 2381 483 2423 Virg.
505 2380 584 2414 Ecl.
606 2382 638 2422 Ι,
662 2379 749 2421 17.),
767 2381 804 2411 et
827 2379 922 2420 quod

190 2447 303 2479 supra
330 2438 433 2469 fores
476 2437 601 2468 domus
636 2435 823 2475 Augustae
857 2441 922 2464 su-

191 2502 324 2536 spensa
347 2495 429 2525 erat
458 2492 577 2525 civica
604 2492 757 2523 corona:
771 2495 925 2530 querna,

192 2559 262 2592 qua
284 2550 458 2590 PrInceps
490 2550 573 2580 erat
603 2555 626 2578 a
654 2546 785 2577 senatu
809 2545 925 2575 dona-

193 2610 251 2639 tus
286 2605 478 2647 inscripta:
514 2602 579 2634 Em
607 2601 647 2633 S.
679 2599 719 2633 C.
751 2598 795 2631 ob
826 2598 927 2631 cives

191 2661 377 2694 servatos.
422 2660 522 2692 Fast.
545 2660 577 2700 Ι,
601 2657 677 2690 614.

257 2746 403 2783 Protegat
421 2746 452 2771 et
475 2745 594 2774 vestras
614 2748 728 2777 querna
746 2747 858 2768 corona
875 2737 923 2767 fo-

589 2793 651 2815 res.

195 2861 276 2896 vid.
299 2861 398 2894 Fast.
424 2858 503 2899 lv,
534 2855 631 2898 953„
661 2856 749 2888 Met.
772 2855 805 2896 1,
833 2854 925 2895 563„

1633 535 1699 585 40

974 693 1042 728 1)ίο
1065 695 1158 727 LIII.
1183 701 1214 743 c.
1237 691 1289 725 16.
1334 691 1390 723 De
1412 695 1557 722 corona
1579 683 1701 719 civica

975 751 1046 783 vid.
1070 751 1113 783 A.
1137 749 1232 782 Gen.
1255 748 1300 781 N.
1323 748 1365 779 A.
1387 745 1433 778 V.
1457 752 1488 778 c.
1513 745 1545 777 6.

1020 818 1148 851 Dresd.
1171 824 1238 857 pro
1261 824 1298 847 v.
1319 821 1409 855 sen,
1428 813 1518 853 Reg.
1542 812 1580 843 et
1602 810 1637 843 11
1659 817 1707 841 a-

976 873 1018 906 lii
1039 872 1158 906 Heius.
1182 873 1219 904 et
1241 869 1399 902 eiusdem
1432 869 1487 900 ed.
1510 867 1566 909 pr.
1588 863 1702 898 dedit.

975 929 1022 962 V.
1053 929 1106 961 37.
1138 927 1214 960 Pal.
1244 926 1276 959 2.
1311 932 1447 957 numen
1474 922 1536 955 vel
1572 927 1702 953 nume-

976 992 1075 1017 rum.

1022 1061 1074 1094 38.
1109 1058 1243 1102 Maqm·
1277 1056 1403 1099 Iovis,
1432 1030 1499 1090 sc.
1532 1056 1630 1090 illius
1665 1055 1702 1088 in

979 1117 1104 1160 terris,
1126 1125 1158 1158 q.
1182 1124 1212 1147 e.
1234 1113 1397 1157 Augusti.
1441 1113 1524 1147 vid.
1541 1113 1588 1146 ad
1610 1114 1643 1155 1,
1667 1111 1703 1154 1,

977 1173 1032 1206 69.

1022 1253 1075 1285 39.
1110 1247 1317 1294 Apposita.
1366 1249 1424 1280 Ita
1444 1248 1548 1290 lum,
1590 1246 1707 1288 Lem„

980 1316 1058 1341 exc.
1081 1307 1207 1348 Voss„
1230 1305 1340 1346 Gall„
1372 1304 1484 1345 Mon,
1512 1301 1615 1334 xvn
1643 1300 1706 1333 alii

980 1364 1102 1397 Heins.
1134 1364 1170 1394 et
1203 1360 1361 1392 eiusdem
1393 1359 1448 1390 ed.
1478 1366 1535 1398 pr.
1557 1358 1595 1389 et
1615 1356 1708 1397 reli-

981 1426 1073 1460 quae
1111 1418 1189 1450 edd.
1229 1417 1319 1449 vett.
1332 1437 1347 1458 ,
1392 1414 1499 1447 Goth.
1513 1433 1527 1456 ,
1573 1411 1710 1453 (ἔπη,

980 1475 1085 1506 Bern.
1109 1475 1146 1504 et
1164 1472 1281 1504 nostri
1293 1478 1428 1504 omnes.
1472 1468 1615 1510 Reliqui
1638 1474 1710 1507 op·-

979 1527 1117 1571 posita.
1162 1528 1235 1560 Sed
1257 1525 1443 1566 scriptura
1466 1523 1644 1566 apposita
1666 1530 1709 1554 e-
1769 1547 1773 1549 .

981 1585 1068 1619 tIam
1090 1583 1211 1624 aptior
1242 1582 1386 1615 videtur
1406 1582 1464 1613 *ad
1486 1581 1578 1614 illud
1600 1580 1710 1612 vela-

982 1640 1059 1673 tur.
1109 1638 1192 1672 Vid.
1219 1639 1298 1670 not.
1330 1638 1376 1670 ad
1408 1638 1494 1669 Her.
1515 1636 1601 1677 Vn,
1632 1634 1710 1667 100.

985 1712 1024 1719 -
1047 1697 1088 1728 In
1113 1696 1266 1734 utraque
1293 1693 1400 1734 parte
1429 1694 1559 1733 portae
1583 1693 1713 1724 domus

983 1751 1172 1793 Augustae
1194 1749 1338 1781 laurum
1360 1747 1522 1790 stetisse,
1534 1755 1713 1790 persaepe

983 1807 1205 1840 memoratur
1222 1805 1267 1837 ab
1289 1804 1389 1838 illius
1407 1803 1539 1836 aetatis
1549 1803 1712 1844 scripto-

983 1863 1094 1895 ribus.
1145 1861 1227 1894 vid.
1255 1859 1324 1893 Dio
1346 1859 1446 1892 Lm.
1476 1867 1507 1891 c.
1538 1858 1591 1892 16.
1634 1858 1711 1891 Ea-

985 1920 1064 1950 dem
1096 1925 1140 1950 re
1173 1915 1282 1948 etiam
1315 1915 1505 1957 eleganter
1537 1923 1623 1947 usus
1657 1912 1715 1946 est

984 1975 1083 2008 Naso
1107 1974 1195 2006 Met.
1219 1973 1261 2014 1,
1295 1971 1386 2012 562„
1418 1969 1478 2001 ubi
1507 1968 1713 2010 Apollinem

985 2030 1030 2061 de
1075 2034 1257 2061 conversa
1299 2026 1336 2057 in
1379 2025 1522 2056 laurum
1562 2023 1714 2064 Daphne

984 2083 1275 2126 praesagientem
1297 2080 1403 2113 facit:

1051 2166 1193 2196 Postibus
1210 2163 1356 2201 Augustis
1375 2164 1479 2192 eadem
1496 2162 1643 2191 fidissima
1661 2168 1718 2190 cn-

1384 2211 1449 2237 stos

1053 2253 1131 2282 Ante
1158 2253 1239 2283 fores
1257 2251 1371 2287 stabis,
1405 2251 1593 2287 mediamque
1610 2250 1718 2279 tuebe—
1773 2259 1775 2263 ·

1381 2304 1416 2325 re
1433 2303 1588 2333 quercum.

990 2365 1094 2403 Conf-
1123 2370 1222 2402 Fast.
1257 2369 1327 2410 IV,
1351 2367 1426 2399 917.
1483 2365 1574 2399 Plin.
1602 2366 1647 2400 N.
1676 2365 1719 2397 Η.

989 2425 1068 2458 XV.
1093 2432 1125 2456 c.
1145 2425 1197 2455 30.
1243 2420 1396 2456 Laurus
1411 2419 1610 2462 triumphis
1619 2426 1716 2460 pro-

987 2480 1075 2522 prie
1103 2479 1277 2520 dicatur,
1309 2479 1372 2510 vel
1397 2475 1619 2520 qratissima
1645 2474 1718 2507 do-

988 2535 1108 2569 mibus
1138 2534 1303 2568 ianitrix
1326 2534 1532 2567 Caesarum
1555 2528 1718 2572 Pontifi-

991 2601 1166 2635 cumque:
1199 2599 1294 2634 qnae
1324 2590 1409 2621 sola
1438 2588 1474 2620 et
1496 2587 1719 2620 domasseoe-

993 2649 1109 2682 ornat
1132 2649 1171 2681 et
1191 2648 1279 2680 ante
1301 2644 1436 2678 limina
1457 2642 1629 2676 excubat.

1035 2740 1089 2773 40.
1125 2739 1256 2772 Fores.
1301 2715 1477 2769 Nonnulli
1499 2732 1602 2765 codd.
1626 2731 1721 2771 apud

992 2794 1207 2835 Ciosanum,
1252 2792 1328 2825 Pal.
1354 2791 1412 2832 1.,
1455 2789 1567 2829 neg„
1611 2787 1722 2826 Mon,

992 2851 1104 2893 Busl.‚
1127 2849 1292 2889 Hercul„
1315 2847 1350 2879 V
1372 2845 1434 2878 alii
1454 2843 1591 2883 Heius„
1614 2840 1722 2874 Grev.
1766 2880 1770 2884 ,
