1846 3146
211 213 267 245 v1
768 196 1189 248 PRAEFATIO,

207 323 258 366 et
290 318 355 367 ad
388 326 601 368 nostram
637 320 985 387 propemodum
1015 325 1222 369 aetatem
1253 321 1391 384 quasi
1424 334 1515 386 pro
1548 321 1740 385 integra

208 417 268 450 ac
303 418 435 451 nova
469 402 674 468 vulgata
708 405 772 451 sit
805 403 1025 465 habitus,
1073 419 1170 452 non
1205 407 1282 453 est
1313 403 1455 451 huius
1489 403 1739 452 institutae

206 487 488 551 scriptionis
509 487 756 551 copiosius
788 501 1051 552 exponere.
1113 487 1227 551 Ego
1255 501 1398 547 vero,
1433 489 1486 534 ut
1518 485 1738 535 breviter

208 567 381 629 dIcam,
420 568 483 617 de
519 584 579 619 ea
611 571 685 618 sic
719 572 892 630 sentio,
929 571 1003 618 sic
1029 568 1219 625 iudico:
1260 567 1526 635 permultos
1545 567 1737 633 quidem

206 650 348 700 locos
386 654 777 718 corruptissimos
822 653 882 702 ab
925 653 1133 701 Heinsio
1183 652 1353 702 divina
1401 652 1606 717 quadam
1651 668 1735 702 sa—

204 736 419 797 gacitate
454 740 600 800 atque
634 735 909 784 eruditione
950 737 1219 800 integritati
1253 751 1371 785 suae
1422 750 1536 785 esse
1586 737 1735 784 resti-

204 822 335 886 tutos
377 823 460 867 aut
505 824 676 868 contra
710 821 1015 884 suspiciones
1056 834 1116 868 ac
1158 817 1484 867 dubitationes
1519 818 1579 868 ab
1622 818 1734 867 aliis

204 903 530 964 grammaticis
565 904 807 951 excitatas
844 901 1076 950 defensos
1110 906 1255 966 atque
1290 901 1614 950 confirmatos.
1661 901 1735 949 At

202 984 333 1034 idem
367 999 463 1049 ego
498 985 702 1046 affirmO,
738 985 809 1034 nil
840 999 1077 1034 reverens
1111 983 1553 1051 reprehensionem,
1594 1001 1734 1049 quam

202 1063 345 1116 huius
380 1070 652 1117 sententiae
686 1071 882 1118 novitas
910 1067 1039 1134 apud
1069 1083 1171 1128 eOS,
1209 1070 1290 1133 qui
1323 1083 1425 1116 rem
1458 1070 1733 1117 accuratius

203 1152 489 1217 perquirere
522 1151 707 1212 nolent,
744 1154 809 1200 sit
840 1150 1088 1212 habitura,
1132 1151 1194 1200 ab
1230 1149 1402 1200 eodem
1441 1150 1648 1199 Heinsio
1682 1155 1734 1199 et
1786 1179 1788 1181 ·

140 1266 142 1271 ·
199 1249 368 1299 parum
401 1233 541 1283 felici
575 1237 680 1284 eius
714 1239 960 1284 sectatore
994 1235 1270 1284 Burmanno
1304 1238 1487 1283 textum
1512 1233 1732 1282 Nasonis

190 1320 462 1368 ‘carminum
493 1319 562 1366 ita
595 1318 759 1367 multis
793 1318 920 1367 locis
954 1332 1067 1367 esse
1102 1317 1445 1383 depravatum,
1481 1322 1534 1364 ut
1567 1316 1731 1364 nullus

199 1400 309 1449 fere
344 1402 556 1467 scriptor
587 1402 794 1450 Latinus
822 1402 890 1459 ¹ab
926 1400 1197 1449 editoribus
1228 1402 1368 1466 peius
1402 1399 1594 1448 habitus
1626 1416 1729 1447 ma-

198 1485 374 1548 gisque
409 1488 666 1550 corruptus
701 1499 813 1534 esse
847 1483 1104 1544 videatur,
1150 1488 1200 1532 et
1242 1485 1461 1548 quemvis
1497 1482 1604 1531 fere
1640 1497 1728 1531 co-

199 1565 360 1615 dicem
395 1565 459 1615 de
477 1567 760 1616 melioribus
790 1566 982 1631 quidem
1018 1572 1068 1615 et
1086 1568 1305 1631 quamvis
1324 1566 1432 1614 fere
1468 1565 1729 1614 editionem

197 1648 387 1698 saeculi
404 1649 539 1711 XV„
574 1652 618 1699 si
634 1644 995 1699 Bononiensem
1022 1651 1258 1715 excipiaS,
1295 1651 1500 1698 omnium
1531 1663 1729 1714 operum

198 1731 371 1782 Ovidii
422 1732 535 1798 plus
587 1733 722 1781 mille
775 1735 1080 1797 quingentis,
1125 1732 1359 1781 Tristium
1409 1736 1567 1780 autem
1616 1730 1728 1797 plus

196 1815 423 1864 ducentis
458 1815 587 1864 locis
634 1814 1013 1865 emendatiorem
1054 1820 1105 1864 et
1146 1817 1459 1879 integriorem
1493 1813 1728 1863 exhibere

193 1903 403 1959 textum,
457 1915 598 1963 quam
648 1897 894 1947 laudatam
944 1901 1084 1948 istam
1127 1899 1323 1947 Heinsii
1373 1902 1424 1946 et
1468 1897 1728 1947 Burmanni

194 1983 533 2030 recensionem
560 1983 630 2043 1).

292 2063 587 2124 Merkelius,
624 2065 928 2129 nuperrimus
964 2061 1134 2112 Ovidii
1164 2062 1397 2110 Tristium
1431 2061 1608 2122 editor,
1645 2065 1727 2127 qui

192 2148 388 2196 Heinsii
423 2149 554 2197 curis
590 2145 850 2196 Ovidianis
897 2147 1055 2194 omnia
1088 2162 1267 2194 summa
1301 2146 1495 2204 tribuit,
1530 2162 1638 2194 rem
1668 2148 1724 2194 in

190 2231 456 2294 „Tristibus
495 2230 830 2295 castiyandis,
867 2245 974 2278 nam
1012 2227 1075 2276 de
1110 2227 1313 2292 reliquis
1346 2228 1564 2277 Nasonis
1597 2234 1722 2294 poe-

191 2316 331 2362 matis
366 2329 494 2363 nunc
528 2329 626 2361 non
662 2314 838 2377 agitur,
873 2311 989 2359 inde
1033 2313 1330 2376 potissimum
1377 2327 1477 2360 non
1521 2314 1621 2370 ita,
1665 2315 1727 2360 ut

189 2400 488 2461 oportuerit,
524 2397 586 2444 ab
621 2396 837 2445 Heinsio
863 2400 1062 2459 yonam
1096 2410 1203 2442 esse
1237 2394 1422 2454 scribit,
1465 2393 1596 2458 quod
1629 2396 1719 2442 im-

186 2479 476 2546 prudentius
512 2484 710 2528 secutus
753 2480 817 2527 sit
862 2476 1062 2527 codices
1097 2477 1275 2536 Italos,
1313 2476 1464 2526 valde
1497 2479 1717 2544 interpo-

188 2562 332 2623 latos,
367 2563 662 2612 Vaticanum
687 2563 902 2628 primum,
922 2560 1214 2620 Mediceum,
1251 2559 1556 2609 Politianeos
1575 2559 1714 2620 duos,

187 2645 459 2694 Palatinum
479 2644 743 2695 secundum
763 2650 811 2692 et
831 2642 1145 2694 Combianum
1172 2645 1309 2704 (sive
1340 2642 1714 2704 Dresdensem],

195 2762 300 2765 v.-
316 2761 354 2765 w-
374 2762 428 2765 -.-
528 2762 710 2774 -.γ--.-

257 2807 292 2844 ¹)
314 2808 400 2839 vid.
426 2808 604 2847 exempla,
630 2816 722 2847 quae
754 2807 861 2840 modo
886 2808 928 2843 de
953 2808 1148 2841 Burmanni
1183 2808 1324 2840 ratione
1347 2806 1547 2851 attulimus,
1581 2807 1618 2837 et
1647 2805 1714 2845 du-

185 2867 293 2895 centa
316 2863 394 2905 illa,
418 2871 508 2904 quae
533 2864 629 2895 infra
652 2863 765 2895 allata
789 2865 882 2895 sunt.
