1846 3146
585 149 1129 217 PnomcomnNA.
1556 145 1623 194 15

104 278 292 320 deantur.
346 277 489 331 Atque
517 273 572 316 de
599 275 666 316 his
683 252 799 317 ¹locis
826 273 967 327 paullo
995 269 1212 324 copiosius
1243 266 1544 322 disputandum
1572 279 1625 307 e·-

101 349 172 400 rit,
209 347 321 403 quod
356 361 410 389 ea
446 347 637 402 quaestio
664 345 867 399 imprimis
894 345 1106 398 pertineat
1136 341 1192 382 ad
1218 341 1366 382 horum
1395 338 1626 380 carminum

108 420 315 462 rationem
336 417 630 473 explicandam
643 423 771 471 atque
783 414 1086 474 illustrandam.
1130 414 1198 454 Ac
1211 413 1345 466 prima
1360 412 1431 452 illa
1451 411 1628 464 vitupe-

104 492 211 532 ratio
240 490 339 546 quid
364 491 456 531 veri
482 490 667 544 habeat,
695 489 755 529 ita
782 488 939 541 optime
975 485 1182 526 declarari
1210 483 1378 524 videtur
1400 483 1446 525 ,si
1472 483 1626 535 singu-

105 556 239 604 lorum
253 563 480 604 carminum
496 566 748 615 argumenta
758 583 817 590 -
832 571 931 599 nam
946 557 1000 598 de
1025 556 1282 615 diversitate,
1298 555 1472 609 generis
1500 552 1627 594 modo

105 634 263 677 dictum
290 638 360 674 est
384 656 443 665 -·
470 631 711 686 diligentius
740 631 982 685 inquirimus
1000 635 1128 682 atque
1147 629 1388 668 lustramus.
1444 627 1494 666 In
1521 625 1626 665 libro

26 736 33 746 .
65 750 69 754 ,
105 706 137 746 Ῑ.
166 710 343 760 questus
379 698 433 744 d‘e
470 704 580 744 tristi
616 702 754 743 exsilii
788 708 940 743 natura
978 707 1022 741 et
1049 700 1267 754 iniquitate
1295 699 1407 739 illius
1436 697 1543 738 coeli
1572 709 1627 747 ac

103 777 291 831 regionis
320 781 364 816 et
391 775 661 816 incolentium
689 774 883 815 barbaria
919 785 1051 826 prope
1089 772 1187 811 nulli
1214 775 1336 825 sunt,
1375 769 1545 824 quippe,
1581 774 1628 809 ut

97 860 235 902 supra
263 847 498 902 docuimus,
528 847 571 888 in
598 847 693 900 ipso
720 846 870 886 itinere
899 851 942 885 et
970 851 1071 885 ante
1100 844 1192 884 eius
1222 843 1264 882 in
1294 841 1517 895 Scythiam
1545 839 1628 880 ad-

101 925 278 961 ventum
302 919 553 972 composito.
609 919 658 958 In
687 917 871 959 carmine
899 918 932 956 Ι.
961 915 1073 970 quod
1100 914 1379 968 praefationis
1400 913 1494 953 loco
1525 923 1629 952 csse

103 990 300 1045 diximus,
330 990 535 1043 praecipit
563 990 682 1044 libro,
715 987 938 1043 quomodo,
970 1000 1066 1028 cum
1098 987 1156 1028 sit
1184 997 1292 1039 opus
1319 984 1465 1025 miseri
1493 995 1631 1024 exsu-

100 1062 154 1104 lis
183 1068 228 1104 ct
253 1063 453 1116 Augusto
482 1061 623 1116 invisi,
648 1061 693 1101 in
708 1061 823 1102 Urbe
841 1072 892 1100 se
916 1065 1052 1113 gerat.
1108 1059 1300 1098 Alterum
1316 1056 1505 1098 continet
1518 1057 1630 1109 poe-

101 1139 175 1175 tae
203 1145 360 1175 sensus
389 1139 433 1174 et
460 1145 614 1186 preces
642 1145 719 1186 per
746 1131 1166 1172 vehementissimam
1194 1134 1511 1182 tempestatem,
1533 1139 1630 1168 cum

99 1205 207 1246 mari
243 1206 360 1261 Ionio
397 1206 439 1245 in
468 1204 690 1259 Scythiam
719 1204 988 1258 profecturus
1022 1202 1276 1256 navigaret,
1315 1206 1516 1241 coortam.
1581 1199 1631 1238 In

97 1276 170 1317 m.
198 1277 483 1318 tristissimum
511 1289 634 1318 suum
661 1289 689 1317 a
717 1276 807 1318 suis
836 1281 881 1316 et
910 1287 966 1315 ex
992 1274 1108 1314 Urbe
1138 1272 1379 1314 discessum
1409 1270 1628 1313 describit.

25 1398 33 1403 .
98 1348 150 1388 In
175 1348 253 1390 IV.
283 1361 398 1389 nova
426 1354 663 1401 tempestas
697 1349 793 1390 sive
832 1346 1103 1400 tempestatis
1141 1357 1243 1398 pars
1278 1350 1323 1384 et
1360 1355 1474 1384 novo
1502 1341 1630 1383 modo

99 1417 364 1460 describitur.
419 1421 469 1460 In
497 1421 551 1461 V.
575 1419 788 1460 collaudat
810 1419 1071 1472 singularem
1095 1417 1221 1457 amici
1249 1415 1471 1475 cuiusdam
1500 1413 1630 1455 fidem

100 1495 146 1531 et
172 1490 216 1530 iu
244 1490 429 1546 amicitia
458 1491 758 1544 constantiam,
798 1495 843 1530 et
869 1489 1069 1530 miseriae
1097 1499 1205 1528 suae
1233 1487 1494 1540 gravitatem
1523 1497 1653 1538 que-‘

98 1561 213 1609 titur.
268 1561 318 1602 lu
344 1562 421 1603 VI.
447 1561 568 1602 uxori
594 1562 758 1614 gratias
788 1561 896 1614 agit,
927 1558 1039 1614 quod
1054 1559 1166 1599 bona
1185 1570 1265 1598 sua
1287 1570 1314 1597 a
1330 1556 1519 1609 maligno
1548 1555 1632 1595 ho-

99 1633 213 1674 mine
242 1631 491 1673 defenderit.
554 1633 605 1672 In
639 1633 734 1673 VH.
764 1631 1033 1672 commendat
1069 1630 1208 1670 amico
1243 1641 1320 1682 pro
1357 1632 1631 1667 monumento
1694 1631 1699 1634 ’

97 1704 167 1744 sui
193 1703 486 1756 imperfectum
514 1715 623 1756 opus
651 1701 1070 1754 Metamorphoseon.
1127 1701 1175 1740 In
1203 1691 1318 1741 VIII.
1347 1712 1444 1740 cum
1472 1699 1627 1753 amico,

99 1770 173 1828 qui'
196 1774 336 1828 ipsum
361 1775 559 1815 miseriae
589 1780 779 1826 tempore
807 1773 1050 1826 reliquerat,
1082 1768 1338 1824 expostulat.
1394 1771 1546 1811 Ian.
1576 1783 1630 1811 a-

100 1835 255 1886 micum
282 1851 498 1899 precatur,
529 1850 576 1886 ut
603 1857 783 1898 summa,
815 1856 900 1897 qua
925 1844 1087 1897 valeat,
1118 1843 1373 1899 auctoritate
1402 1828 1629 1896 atquedi-

100 1915 226 1957 cendi
254 1916 458 1957 facultate
494 1929 695 1958 caussam
732 1927 855 1956 suam
892 1914 1005 1967 apud
1034 1915 1276 1968 Principem
1306 1913 1523 1955 defendat.
1579 1915 1629 1954 In

97 1987 151 2031 X-
178 1987 339 2043 navim,
370 2001 455 2042 qua
482 1987 720 2029 Cenchreis
749 1986 1088 2029 Samothraciam
1115 1991 1272 2026 vectus
1301 1991 1410 2039 erat,
1442 1991 1487 2025 et
1515 1997 1628 2037 quae

75 2049 197 2100 'inde
224 2060 304 2100 iter
332 2059 375 2100 in
403 2059 629 2113 Scythiam
658 2064 703 2099 et
729 2059 887 2098 Tomos
926 2064 1018 2098 erat
1051 2063 1314 2111 perrectura,
1353 2056 1515 2111 laudat,
1547 2057 1628 2098 do-

99 2134 254 2184 cteque
281 2129 496 2183 descripta
524 2136 615 2171 tota
643 2131 716 2171 via
745 2131 900 2171 faustis
930 2142 1025 2169 eam
1040 2129 1245 2169 ominibus
1262 2130 1541 2183 prosequitur.
1578 2130 1627 2169 In

99 2200 173 2240 XI.
188 2207 370 2242 excusat
385 2203 614 2243 carminum
634 2202 726 2243 libri
752 2203 784 2242 1.
815 2202 1079 2255 tenuitatem,
1111 2200 1223 2254 quod
1251 2202 1358 2240 inter
1386 2206 1627 2254 tempesta-

100 2275 170 2311 tes
197 2277 242 2312 et
267 2274 455 2326 pericula
483 2274 612 2314 maris
641 2274 727 2315 sint
756 2274 1004 2326 composita.
1059 2272 1189 2312 Liber
1216 2273 1284 2326 IL,
1312 2285 1437 2326 quem
1465 2273 1626 2314 rectius

99 2343 258 2409 generi,
275 2345 481 2385 didactico
509 2345 693 2386 adscribi
723 2345 919 2399 diximus,
962 2357 1070 2397 opus
1107 2351 1177 2385 est
1213 2345 1368 2384 eximia
1394 2345 1623 2398 varietate,

101 2413 240 2467 copia,
271 2415 486 2468 elegantia
514 2429 568 2458 ac
594 2416 817 2458 doctrina:
860 2422 907 2456 ut
944 2429 971 2456 a
1007 2417 1153 2469 peritis
1185 2417 1228 2456 in
1254 2416 1497 2455 melioribus
1525 2416 1625 2456 Na-

101 2484 219 2525 sonis
234 2486 486 2528 carminibus
514 2494 704 2541 ponatur.
760 2489 809 2528 In
836 2488 868 2527 Ι.
898 2488 1040 2541 elegia
1067 2488 1158 2528 libri
1172 2487 1243 2527 ΠΙ.
1261 2487 1426 2527 libellus
1444 2488 1539 2540 ipse
1556 2488 1626 2527 lo-

102 2567 235 2617 quens
263 2556 495 2612 inducitur,
538 2559 746 2613 quomodo
782 2560 824 2599 in
860 2559 975 2600 Urbe
1003 2559 1061 2599 sit
1087 2565 1301 2612 receptus.
1357 2558 1507 2599 Altera
1534 2559 1625 2612 pri-

99 2638 192 2668 mos
222 2629 381 2669 exsulis
409 2635 510 2681 post
540 2629 770 2671 adventum
796 2630 1079 2683 inScythiam
1092 2643 1250 2671 sensus
1272 2631 1471 2670 continet.
1515 2631 1625 2671 Ter-

97 2697 158 2738 tia
185 2700 374 2740 continet
400 2700 683 2754 querimonias
710 2701 753 2741 in
780 2701 961 2755 Scythia
997 2702 1262 2756 aegrotantis
1298 2714 1353 2742 ac
1389 2701 1458 2755 de·
1484 2703 1623 2753 salute

87 2766 367 2823 desperantis
402 2783 729 2826 supremumque
766 2772 822 2813 ad
858 2785 1033 2814 uxorem
1068 2773 1180 2814 vale.
1243 2774 1294 2813 In
1320 2774 1395 2815 IV.
1433 2773 1623 2814 hortatur

98 2839 294 2896 amicum,
325 2848 371 2883 ut
398 2855 477 2884 suo
507 2844 702 2897 exemplo
731 2856 894 2900 suaque
923 2845 1168 2886 calamitate
1194 2845 1379 2886 monitus
1406 2845 1517 2886 intra
1541 2857 1622 2886 an-
