1846 3146
210 145 311 196 170

468 144 527 195 Ρ.
562 144 786 196 OVIDII
819 144 1138 199 NASONIS
1174 144 1525 199 TRISTIUM

210 269 284 318 At
316 269 376 329 si,
413 266 546 333 quod
578 268 787 331 mallem,
824 284 1013 320 vacuus
1046 270 1262 335 fortasse
1295 270 1477 321 fuisses

274 351 481 401 Nullum
513 350 728 416 legisses
764 352 945 405 crimen
977 357 1029 403 in
1062 355 1191 412 Arte
1223 368 1343 402 mea.

1642 355 1741 404 240
1812 327 1813 330 ’

208 435 307 484 Illa
344 434 539 500 quidem
570 436 735 486 fateor
767 437 945 487 frontis
976 453 1075 487 non
1109 445 1222 486 esse
1256 451 1467 489 severae

277 517 492 585 Scripta,
528 535 623 569 nee
654 536 685 568 a
718 524 854 570 tanto
887 521 1120 588 Principe
1155 521 1306 587 digna
1338 520 1470 586 Iegi‘3
1515 575 1550 582 ⁷.

208 603 327 656 Non
362 607 523 651 tamen
555 602 746 652 idcireo
781 603 945 669 legum
979 607 1224 655 contraria
1262 606 1410 654 iussis

277 682 406 735 Sunt
440 700 515 747 ea,
550 686 796 736 Romanas
831 676 1154 754 erudiuntque
1188 706 1353 739 nurus.

209 770 375 830 Neve,
412 770 585 835 quibus
621 771 845 833 scribam,
866 774 1043 838 ¹possis
1080 772 1318 835 dubitare,
1353 771 1556 823 libellus

1642 772 1742 822 245

222 857 228 862 ’
277 852 498 914 Quatuor
531 855 624 904 hos
659 870 840 904 versus
875 858 905 904 e‘
938 855 1093 905 tribus
1127 872 1251 906 unus
1289 855 1489 909 habetz.

203 936 378 997 „Este
408 939 606 1001 procul,
641 940 801 986 vittae
836 943 1023 998 tenues,
1059 942 1258 1005 insiyne
1290 941 1518 1005 pudoris,

271 1019 561 1085 „Quaeque
596 1022 724 1085 ἱερεῖς
755 1021 945 1071 medios
977 1024 1164 1090 instita
1197 1025 1349 1089 lonya
1378 1023 1565 1088 pedes!

207 1173 322 1208 quam
357 1165 414 1206 te,·
449 1166 544 1207 quod
577 1166 670 1198 ferri
701 1174 775 1199 non
807 1168 941 1208 potest.

206 1223 341 1262 Franc.
363 1229 433 1263 pro
457 1230 492 1253 v.
521 1229 594 1253 scr.
624 1223 662 1254 et
683 1223 789 1256 Barb.
812 1223 941 1266 empli-

205 1285 338 1310 cmsse.

252 1342 466 1386 Evoluisse,
489 1343 676 1377 diaeresis.

251 1422 329 1454 239.
363 1422 439 1454 Pal.
463 1422 493 1455 1.
517 1429 689 1455 vacuum.
744 1422 797 1456 IV
818 1421 940 1454 Heius.

207 1481 246 1511 et
269 1479 352 1519 Seg.
376 1485 538 1510 vacuum
557 1477 588 1520 f.
603 1476 749 1519 fuisset.
795 1478 942 1521 Vat.1.,

208 1534 346 1576 Guelf„
369 1533 447 1566 Pol.
474 1533 503 1566 1.
528 1535 566 1566 et
587 1534 642 1575 2.,
671 1534 748 1566 Pal.
771 1534 825 1577 2.,
848 1535 942 1576 Put.,

206 1591 340 1634 Franc.
363 1598 387 1622 a
410 1590 440 1622 1.
463 1599 523 1632 m.,
547 1591 658 1630 Mon,
682 1590 788 1624 Serv.
808 1591 943 1623 etVIII

207 1646 271 1678 alii
294 1646 417 1679 Heius.
441 1652 603 1677 vacuum
626 1643 694 1676 tibi
713 1644 820 1687 forte
839 1644 942 1688 fuis-

206 1703 273 1734 set.
319 1703 409 1735 Exc.
433 1703 542 1735 Voss.
563 1709 707 1732 vacuus
732 1700 822 1732 tunc
837 1701 944 1742 forte

206 1758 356 1801 fuisses
403 1758 529 1800 Crev„
541 1758 663 1798 Bern.,
674 1756 819 1797 Dresd.,
830 1755 943 1798 Busl.,

209 1817 287 1847 Iun.
319 1817 356 1847 et
384 1816 419 1846 11
449 1813 512 1845 alii
542 1813 665 1844 Heius.
703 1819 847 1843 vacuus
877 1810 944 1843 tibi

203 1870 310 1912 forte
328 1868 467 1911 fuisses
489 1869 616 1905 (Bern.
631 1866 798 1908 fuisset).
836 1867 943 1899 Goth.

206 1932 369 1957 vacuum
393 1923 460 1955 tibi
483 1923 628 1963 tempus
651 1922 809 1954 adesset.
862 1922 943 1954 Va-

206 1981 322 2013 rietas
345 1979 412 2011 illa
435 1977 504 2011 tibi
524 1978 630 2021 forte
662 1979 700 2009 et
729 1977 818 2008 tunc
838 1977 944 2019 forte

208 2038 292 2068 orta
315 2036 386 2077 est,
420 2036 517 2076 quod
539 2034 595 2067 ini
624 2024 853 2076 grammatici
875 2041 942 2065 ne-

206 2092 361 2132 scirent,
384 2090 476 2122 illud
496 2090 668 2132 fortasse
691 2091 877 2131 pertinere
896 2091 943 2121 ad

206 2145 374 2187 leyisses.
428 2146 532 2180 conf.
564 2156 601 2179 v.
634 2146 710 2179 317.
738 2162 783 2167 —-
805 2147 882 2177 Iun.
906 2146 943 2177 et

206 2204 339 2236 Franc.
375 2202 446 2234 aut
476 2201 521 2234 si.
590 2204 645 2235 111
677 2202 798 2235 Heins.
833 2201 943 2233 etiam

208 2258 309 2301 quod
330 2258 477 2290 vellem.
500 2274 546 2281 —-
570 2274 614 2280 —

256 2326 419 2366 VacuuS,
450 2325 601 2359 otiosus.
651 2325 735 2359 Vid.
758 2326 790 2368 1,
822 2324 858 2368 1,
888 2324 942 2357 93.

252 2415 330 2448 240.
364 2416 441 2448 Pal.
474 2415 504 2448 1.
535 2413 678 2447 nullius
707 2414 776 2455 ley-
821 2412 942 2446 Guelf.

207 2478 232 2503 a
255 2470 285 2503 1.
309 2479 353 2503 m.
378 2470 542 2513 leyt'sset.⁴

253 2561 329 2593 241.
352 2558 513 2593 Frontis
524 2565 689 2591 severae.
732 2554 845 2597 „Illa
857 2551 942 2596 qui-

208 2617 292 2649 dem
314 2615 466 2656 scripta
483 2614 616 2657 fateor
638 2620 714 2644 non
737 2619 815 2643 esse
829 2610 943 2652 fron-

210 2672 259 2705 tis
288 2681 444 2704 severae
474 2671 512 2703 et
538 2667 684 2711 yravis,
706 2667 772 2699 sed
793 2665 944 2697 iocosae

209 2737 256 2761 ac
277 2727 456 2760 hilaris.“
499 2727 582 2759 Vid.
607 2735 643 2758 v.
674 2724 750 2757 493.
781 2725 818 2755 et
848 2721 944 2754 conf.

209 2795 243 2817 v.
267 2785 344 2817 309.
390 2785 521 2816 Parum
544 2783 636 2814 scite
653 2782 875 2813 Burmannus
898 2786 945 2810 ex

208 2849 280 2873 uuo
314 2841 452 2872 Bonon.
487 2839 586 2871 dedit
614 2835 742 2879 fronti
776 2842 943 2868 severae.

1053 1170 1130 1203 243.
1153 1167 1460 1211 Legum—iussis.
1482 1167 1743 1202 severissimas

1010 1226 1055 1257 de
1077 1225 1251 1267 pudicitia
1273 1234 1318 1258 ac
1349 1226 1394 1258 de
1426 1225 1615 1258 adulteriis
1637 1224 1742 1266 leges

975 1291 980 1300 ·
1009 1282 1212 1322 ‘Augustum
1243 1281 1385 1314 dedisse
1408 1282 1541 1314 auctor
1562 1282 1620 1313 est
1642 1282 1744 1314 Suet.

1009 1338 1047 1370 in
1069 1337 1149 1370 Oct.
1173 1345 1205 1369 c.
1229 1337 1284 1370 34.

1054 1417 1130 1449 245.
1165 1415 1285 1458 (ἴλη,
1317 1414 1439 1448 Berol.
1475 1416 1513 1448 et
1541 1417 1632 1449 vett.
1662 1416 1741 1448 edd.

1007 1479 1159 1511 sempsz.
1572 1486 1575 1490 -

1052 1547 1223 1588 Libellus
1261 1557 1360 1582 unus
1396 1550 1453 1582 est
1480 1548 1576 1582 liber
1605 1548 1742 1590 primus

1008 1607 1091 1638 Art.
1113 1607 1155 1638 A.
1177 1615 1214 1638 v.
1238 1604 1396 1638 31-34.
1441 1606 1588 1647 Dresd.,
1603 1604 1684 1636 Rel.
1707 1605 1746 1636 et

1010 1661 1118 1695 Crev.
1142 1669 1166 1693 a
1187 1662 1221 1693 2.
1244 1668 1289 1693 m.
1314 1661 1352 1693 et
1372 1661 1463 1693 vett.
1490 1661 1569 1693 edd.
1593 1658 1741 1693 libellis.

1008 1718 1055 1752 V.
1078 1718 1154 1751 246.
1172 1718 1264 1750 Tun.
1287 1716 1345 1749 de.

1053 1807 1129 1840 247.
1162 1805 1255 1838 Este
1282 1797 1440 1846 procul,
1462 1802 1581 1836 vittae
1608 1803 1746 1837 tenues.

1009 1863 1186 1895 Mulieres
1215 1862 1395 1903 ingenuae
1432 1867 1457 1892 a
1490 1850 1742 1893 meretricibus

1009 1918 1145 1950 vestitu
1177 1916 1497 1959 distinguebantur.
1550 1917 1643 1950 Nam
1664 1916 1743 1957 pri-

1010 1982 1104 2005 mum
1127 1973 1308 2004 habebant
1325 1972 1453 2015 vittas,
1477 1972 1605 2013 capitis
1629 1981 1742 2006 orna-

1009 2030 1099 2070 tum,
1145 2029 1191 2060 ad
1226 2029 1451 2060 coercendos
1485 2027 1662 2071 capillos,
1697 2029 1743 2060 de

1010 2085 1137 2126 quibus
1167 2084 1240 2117 vid.
1273 2084 1429 2118 Turneb.
1463 2085 1618 2117 Advers.
1648 2084 1681 2115 2.
1711 2083 1742 2115 3.

1010 2142 1042 2172 5.
1076 2142 1114 2171 et
1146 2140 1200 2171 29.
1207 2162 1222 2182 ,
1253 2139 1441 2181 Fercem,
1486 2140 1673 2181 Boettiger
1706 2139 1744 2171 in

1011 2189 1110 2238 sab„
1145 2197 1250 2228 serv.
1281 2196 1327 2227 ad
1355 2194 1459 2236 Virg.
1493 2195 1538 2227 A.
1571 2196 1644 2237 tv,
1667 2194 1742 2227 457.

1010 2252 1150 2285 Deinde
1182 2251 1338 2292 stolam,
1377 2250 1440 2282 vel
1469 2249 1627 2282 tunicam
1654 2249 1741 2282 lon-

1009 2316 1107 2350 gam,
1129 2315 1226 2341 zona
1249 2305 1460 2338 adstrictam
1483 2300 1597 2348 usilue
1618 2307 1664 2338 ad
1683 2308 1742 2339 ta·-
1785 2296 1787 2300 ⁴

1008 2363 1067 2396 los
1091 2363 1280 2395 demissam
1302 2363 1485 2403 limboque
1518 2369 1583 2394 seu
1610 2362 1742 2405 fascia,

1011 2426 1103 2460 quae
1125 2417 1259 2450 instita
1281 2418 1396 2459 dicta,
1413 2417 1609 2451 subsutam.
1653 2418 1742 2452 Hor.

1009 2475 1086 2507 Sat.
1107 2475 1148 2516 1,
1171 2475 1214 2516 2,
1238 2474 1294 2511 29.
1317 2473 1399 2515 pari
1420 2474 1528 2507 modo
1552 2474 1596 2505 de
1623 2474 1741 2506 hone-
1755 2506 1764 2519 ο

1009 2531 1075 2563 stis
1097 2530 1256 2564 feminis:
1648 2538 1654 2543 ·

1078 2608 1209 2641 Quarum
1228 2607 1353 2636 subsuta
1376 2606 1454 2635 talos
1472 2605 1550 2642 tegit
1565 2603 1671 2632 instita
1687 2611 1743 2632 ve-

1406 2653 1454 2680 ste
1475 2665 1508 2671 -

1011 2721 1071 2754 ubi
1095 2722 1167 2754 vid.
1190 2722 1347 2762 interpp.
1391 2719 1493 2754 Unde
1521 2715 1674 2758 instita,
1703 2711 1744 2749 ut
1786 2708 1800 2720 “

1011 2779 1044 2810 h.
1068 2779 1093 2810 1.
1118 2787 1186 2819 pro
1219 2778 1299 2819 ipsa
1327 2778 1427 2810 stola
1459 2774 1602 2808 dicitur.
1659 2772 1742 2805 vid.

1011 2823 1281 2876 Boettigjsab.
1310 2832 1449 2876 p.2361.
1479 2831 1553 2864 378.
1617 2831 1742 2865 Mere-
