1846 3146
168 186 269 236 494

410 185 466 234 P.
504 184 728 235 ovmn
763 185 1081 239 NASONIS
1117 167 1461 240 Tms'rssnn

167 307 405 357 Passibus
440 308 678 372 ambiguis
712 308 933 358 Fortuna
967 310 1206 360 volubilis
1239 316 1386 372 errat,
1642 311 1710 361 15

235 391 302 440 Et
335 396 495 440 manet
527 393 577 439 in
611 391 750 441 nullo
787 398 923 443 certa
955 399 1203 459 tenaxque
1234 394 1376 456 loe03

168 475 278 527 Sed
313 474 458 523 modo
493 474 625 523 laeta
659 482 835 537 manet,
872 477 1040 526 vultus
1075 477 1221 527 modo
1255 480 1400 528 sumit
1433 476 1659 564 acerboS‚

235 558 304 607 Et
336 562 518 606 tantum
555 563 785 607 constans
819 561 870 607 in
904 559 1112 609 levitate
1146 578 1236 610 sua
1271 565 1362 610 est.

169 643 281 692 Nos
318 656 511 707 quoque
545 641 809 703 floruimus,
844 642 936 692 sed
970 644 1062 693 flos
1099 649 1205 693 erat
1239 645 1328 693 ille
1363 644 1610 706 caducam,

235 726 551 790 Flammaque
585 724 648 774 de
682 726 863 792 stipula
897 731 1066 776 nostra
1098 727 1364 793 brevisque
1399 728 1504 777 fuit.
1573 739 1576 741 ’
1641 729 1707 778 20

170 810 323 859 Neve
355 813 516 857 tamen
549 814 653 858 tota
688 812 855 876 capias
890 810 1000 859 fera
1034 811 1216 875 gaudia
1247 817 1432 860 mente:

237 892 357 941 Non
393 896 470 940 est
499 892 730 958 placandi
766 906 881 960 spes
916 893 1029 942 mihi
1066 894 1202 942 nulla
1237 893 1333 944 dei.

168 975 272 1025 Vel
308 977 421 1040 quia
453 978 665 1040 peccavi
702 979 826 1025 citra
859 975 1041 1039 scelus,
1079 983 1226 1043 utque
1259 978 1451 1044 pudore

236 1058 357 1108 Non
393 1062 544 1118 caret,
578 1059 770 1109 invidia
803 1062 878 1109 sic
912 1075 1019 1109 mea
1055 1060 1200 1127 eulpa
1236 1067 1396 1123 caret3

168 1142 273 1191 Vel
309 1144 422 1207 quia
454 1143 526 1191 nil
558 1145 734 1208 ingens
769 1143 834 1192 ad
867 1144 1009 1192 finem
1044 1143 1167 1192 solis
1202 1144 1263 1194 ab
1299 1150 1409 1194 ortu
1643 1147 1711 1195 25

237 1225 354 1286 Illo,
392 1227 471 1275 cui
503 1230 659 1291 paret,
696 1229 857 1276 mitius
892 1227 1026 1278 orbis
1061 1226 1223 1277 habet.
1653 1239 1658 1244 ‘

170 1429 194 1454 a
216 1422 249 1454 2.
272 1429 333 1464 m.,
355 1422 451 1465 Put.,
475 1423 553 1454 Iun.
576 1422 614 1453 et
642 1420 765 1454 Berol.
788 1429 907 1463 nequ-

170 1476 250 1507 rat.
302 1476 403 1510 Leid.
425 1477 596 1520 neyaret.
651 1477 733 1509 Vid.
757 1478 825 1520 111,
851 1477 907 1520 12,

171 1531 226 1564 25.

216 1598 270 1632 14.
305 1599 406 1641 Ipse.
451 1601 600 1643 Pal.'2.,
623 1601 773 1642 Franc„
793 1601 909 1644 Leid.,

172 1657 273 1698 Iun.,
302 1657 404 1698 put„
432 1656 553 1698 Busl.,
588 1657 707 1699 Mon,
741 1658 811 1689 XII
845 1658 910 1690 alii

173 1711 297 1743 Heius.
328 1714 365 1743 et
400 1711 560 1742 eiusdem
589 1712 644 1742 ed.
669 1719 740 1754 pn,
770 1712 908 1754 Guelf„

172 1766 296 1808 Rern„
318 1767 398 1798 Bel.
424 1768 462 1798 et
478 1767 598 1799 Berol.
614 1766 716 1807 ipse.-
733 1766 826 1808 „qui
836 1791 846 1799 .
861 1790 869 1798 .
885 1789 908 1808 .,

171 1829 270 1852 nunc
292 1820 394 1861 ipse
415 1822 594 1862 pascitur
613 1822 826 1854 mendicato
849 1821 908 1854 ei-

171 1875 257 1908 bo.“
285 1877 438 1918 Optime.
469 1879 542 1910 Sed
565 1879 657 1910 ferri
676 1885 818 1918 quoque
837 1886 907 1917 po-

172 1935 245 1965 test
274 1934 460 1974 scriptura
488 1934 712 1974 reliquorum
743 1934 846 1965 codd.
870 1934 908 1965 et

170 1991 262 2022 vett.
292 1990 372 2022 edd.
399 1987 476 2020 ille.
540 1989 645 2021 conf.
669 1990 707 2030 1,
734 1989 763 2020 1.
788 1989 841 2020 31.
863 2004 908 2011 —

171 2045 217 2077 V.
243 2045 295 2076 15.
317 2046 394 2076 Iun.
418 2044 602 2076 volatilis.
647 2044 696 2075 V.
721 2043 775 2075 16.
798 2044 907 2076 Goth.

169 2097 286 2142 firma
311 2100 508 2141 tenaoeque.

220 2179 272 2211 17.
306 2177 575 2210 Laetamanet.
622 2176 806 2209 simanet
823 2177 906 2208 lae-

172 2234 224 2274 ta,
248 2242 321 2266 non
339 2236 396 2266 est
414 2234 635 2266 inconstans.
668 2233 823 2274 Irrepsit
837 2234 906 2266 hoc

172 2291 324 2322 verbum
347 2297 393 2322 ex
416 2289 653 2330 praecedenti
666 2298 787 2322 versu.
811 2290 908 2322 For-

172 2348 272 2377 tasse
295 2345 401 2376 laeta
423 2344 535 2385 venit,
555 2348 595 2378 ut
610 2347 655 2377 de
673 2346 797 2376 eadem
810 2345 908 2377 For-

174 2404 264 2433 tuna
286 2400 391 2441 Virg.
416 2403 459 2433 A.
481 2402 548 2443 XI,
567 2401 619 2433 42.
643 2401 791 2433 Hiems.
813 2402 907 2433 Bur-

173 2464 324 2488 mannus
355 2456 513 2489 coniecit
541 2457 646 2489 laeta
666 2457 787 2499 favet.
833 2457 908 2490 Alii

171 2513 274 2544 meat
302 2513 340 2544 et
369 2511 477 2544 nitet.
534 2511 669 2544 Manet
696 2513 906 2555 intelligen-

176 2569 256 2601 dum
285 2568 474 2600 moratur.
530 2568 666 2601 Eodem
696 2570 777 2601 sere
798 2571 906 2602 modo

171 2625 261 2657 lior.
287 2625 350 2658 Od.
375 2626 444 2666 111,
466 2624 524 2667 29,
548 2625 626 2667 49„
655 2624 717 2657 uhi
746 2625 790 2656 de
814 2633 907 2657 con-

171 2679 306 2712 stantia
329 2681 517 2713 Fortunae
538 2681 714 2722 loquitur:

237 2754 374 2782 Fortuna
393 2763 484 2783 saevo
503 2757 584 2784 laeta
603 2756 737 2792 negotio,
756 2760 787 2785 et

238 2799 352 2827 Ludum
371 2799 553 2828 insolentem
572 2801 677 2829 ludere
701 2802 840 2843 pertinax

288 2843 482 2872 ‘transmutat
499 2844 632 2873 incertos
651 2846 793 2879 honores,

336 2888 423 2925 Eune
443 2889 516 2918 mihi
533 2897 614 2919 nunc
631 2890 684 2918 alii
706 2888 847 2924 benigna.

1041 1418 1144 1447 Laudo
1163 1422 1350 1456 manentum
1369 1419 1396 1448 si
1414 1420 1524 1450 celeris
1543 1423 1642 1458 quatit

1042 1464 1173 1499 Pennas,
1192 1464 1316 1501 resigno
1335 1473 1413 1501 quae
1431 1466 1516 1494 dedit
1533 1487 1541 1493 .
1578 1487 1586 1494 .

974 1534 1059 1567 Vid.
1082 1535 1190 1567 'fi-ist.
1213 1534 1272 1576 V,
1294 1535 1338 1578 7,
1361 1535 1394 1568 4.
1447 1538 1526 1570 lun.
1549 1545 1713 1570 amores.

975 1590 1079 1622 Leid.
1101 1590 1212 1622 modo
1234 1591 1374 1623 vultus.

1021 1684 1075 1716 18.
1099 1683 1287 1717 Constans
1304 1685 1344 1737 in
1358 1668 1529 1730 levitate,
1541 1695 1710 1730 acumen,

975 1740 1096 1782 qualia
1117 1743 1217 1784 sunt,
1243 1749 1337 1783 quae
1365 1740 1552 1775 attulimus
1580 1744 1628 1775 ad
1659 1744 1711 1786 V,

976 1797 1034 1840 10,
1057 1799 1111 1830 43.

1020 1892 1073 1924 19.
1106 1891 1200 1924 Flos
1223 1892 1312 1925 erat
1355 1892 1457 1925 vett.
1472 1893 1552 1926 edd.
1569 1895 1607 1926 et
1620 1902 1710 1935 per-

974 1949 1081 1988 pauci
1103 1949 1232 1989 scripti
1259 1947 1346 1991 fuit.
1399 1950 1499 1984 Cave
1527 1950 1711 1990 sequaris:

975 2003 1064 2035 erat
1085 2004 1176 2036 enim
1200 2005 1407 2037 adiunctum
1428 2005 1483 2037 illi
1498 2003 1709 2046 floruimus.

1018 2099 1071 2131 20.
1106 2099 1363 2139 Flammaque.
1400 2099 1540 2131 *Altera
1553 2099 1711 2141 imagine

973 2153 1134 2193 priorem
1158 2155 1342 2186 fortunam
1365 2155 1544 2195 exprimit.
1602 2155 1710 2188 Goth.

972 2217 1101 2249 parva
1112 2208 1319 2251 brevisque.
1347 2210 1459 2242 V.21.
1479 2210 1728 2251 Goth-plena*

973 2263 1127 2306 gaudia.
1180 2265 1277 2297 Busl.
1307 2268 1344 2298 et
1373 2266 1481 2300 Goth.
1505 2273 1590 2307 cap.
1614 2265 1709 2298 tota.

975 2321 1082 2353 Serv.
1105 2327 1199 2352 mea.

1017 2397 1072 2436 23.
1107 2396 1288 2439 C'itraque
1309 2397 1454 2438 scelus,
1482 2397 1535 2429 ita
1557 2399 1598 2430 ut
1619 2405 1710 2439 peo-

975 2455 1094 2485 catum
1118 2454 1238 2486 tamen
1260 2462 1334 2486 non
1356 2453 1478 2486 scelus
1506 2453 1557 2486 sit
1578 2454 1709 2496 appel-

973 2508 1141 2552 landum,
1172 2510 1293 2542 scelus
1322 2518 1397 2543 non
1425 2509 1594 2551 attingat.
1638 2509 1709 2552 IV,

972 2565 1008 2606 8,
1032 2564 1086 2597 47.
1133 2564 1237 2598 Conf.
1257 2567 1308 2608 11,
1323 2565 1414 2608 127„
1436 2566 1511 2608 111,
1533 2565 1569 2607 6,
1591 2565 1646 2597 25.
1670 2567 1709 2597 et

975 2622 1051 2653 not.
1074 2621 1119 2653 ad
1144 2622 1176 2664 Ι,
1199 2621 1235 2662 2,
1259 2621 1314 2653 99.
1340 2637 1382 2644 —-
1403 2621 1489 2654 Vss.
1513 2621 1568 2654 23.
1593 2623 1631 2654 et
1651 2620 1708 2653 24.

975 2677 1017 2708 ln
1039 2677 1142 2709 Leid.
1167 2678 1305 2709 desunt.

1017 2771 1072 2804 26.
1107 2771 1208 2811 Illo,
1253 2769 1313 2802 cm·
1338 2770 1455 2810 paret
1486 2769 1609 2811 orbis,
1652 2777 1706 2803 sc.

974 2828 1150 2866 Augusto.
1195 2827 1383 2867 Frequens
1405 2826 1441 2858 in
1462 2825 1516 2859 his
1535 2826 1707 2860 carmini-

972 2881 1039 2915 bus
1062 2881 1235 2915 adulatio.
1281 2883 1364 2916 vid.
1386 2883 1437 2924 V,
1460 2882 1497 2924 8,
1520 2882 1574 2915 88.

1835 507 1846 636 .,—....«½.
1843 491 1846 494 .
1838 415 1846 478 μμ..-
1839 326 1846 398 -.ῃ-
