1846 3146
236 162 302 213 16
726 162 1275 218 PROLEGOMENA.

236 288 392 339 gustos
431 282 541 327 fines
575 283 882 330 mediocritatis
919 294 1049 344 atque
1084 289 1360 345 ignobilitatis
1397 301 1502 333 sese
1540 292 1766 336 contineat.

234 356 398 409 Quinta
425 363 497 398 est
524 357 581 399 ad
609 359 790 400 amicum
818 368 1062 418 recentem,
1100 370 1229 417 quem
1266 361 1438 404 laudato
1467 366 1646 419 egregio
1675 355 1767 407 eius

235 429 377 471 animo
405 435 547 484 rogat,
576 436 624 471 ut
650 432 891 486 eloquentia
919 445 999 475 sua
1027 445 1129 475 sese
1158 433 1271 487 apud
1294 435 1483 490 Augusti
1500 437 1767 478 clementiam

236 499 453 542 defendat.
510 501 648 544 Sexta
678 504 826 546 similis
856 505 948 545 fere
978 506 1231 561 argumenti,
1256 507 1336 548 sed
1360 507 1417 549 ad
1438 514 1631 550 veterem
1659 509 1768 550 ami-

235 585 332 614 cum
362 578 443 614 est.
514 573 708 628 Septima
746 575 802 617 ad
839 578 1142 619 amicissimam
1177 569 1387 632 poetriam
1415 586 1500 635 est,
1531 592 1658 635 quam
1686 579 1769 621 ad-

233 644 448 700 hortatur,
486 651 533 686 ut
570 660 625 710 ne
662 660 740 689 suo
777 651 973 704 exemplo
994 646 1030 692 'a
1059 651 1364 705 componendis
1390 652 1589 693 versibus
1617 651 1766 693 deter-

233 723 392 772 reatur,
424 717 503 759 sed
532 732 588 760 ex
616 720 668 761 iis
697 720 849 762 studiis
878 729 1128 777 perpetuam
1157 723 1314 764 samam
1343 729 1387 765 et
1411 725 1768 765 immortalitatem

233 790 415 831 nominis
459 797 647 845 quaerat.
717 794 767 834 In
809 799 966 835 octava
1008 801 1128 849 optat
1170 795 1439 851 famltatem,
1484 808 1611 850 quam
1637 801 1793 837 vetus.

223 862 382 903 'fabula
409 862 546 918 finxit,
576 878 654 917 per
682 868 785 906 aera
813 866 1001 922 volandi,
1032 873 1079 907 ut
1106 867 1285 920 patriam
1313 867 1492 923 revisat,
1522 867 1602 908 sed
1623 868 1768 909 statim

232 947 335 976 sese
365 936 487 990 quasi
515 938 739 991 corrigens
769 951 819 979 se
847 939 942 992 ipse
970 939 1232 994 adhortatur,
1263 939 1311 980 ut
1335 939 1580 994 Augustum
1603 940 1763 994 potius,

232 1008 303 1062 qui
332 1008 497 1061 eripere
526 1015 591 1050 se·
608 1023 633 1050 e
661 1011 784 1051 malis
813 1012 967 1066 possit,
998 1011 1167 1066 adoret3
1198 1024 1294 1052 eum
1324 1011 1435 1051 enim
1454 1017 1574 1053 certe
1596 1011 1769 1066 miseria

208 1088 312 1122 'sua
341 1081 486 1122 audita
515 1082 711 1129 exsilium
749 1084 982 1124 mutatione
1018 1085 1101 1126 loci
1129 1074 1404 1124 levaturum(
1435 1085 1484 1124 In
1513 1096 1627 1124 nona
1652 1082 1768 1130 scri-

229 1153 306 1208 bit,
337 1153 450 1194 unde
480 1154 626 1209 Tomi,
666 1155 860 1196 exsilium
898 1168 1044 1209 suum,
1084 1168 1240 1195 nomen
1276 1160 1463 1197 teneant.
1519 1156 1568 1195 In
1598 1154 1767 1196 decima

232 1224 436 1266 describit
473 1226 639 1267 tristem
677 1226 835 1267 faciem
871 1239 925 1268 ac
962 1227 1151 1280 pericuia
1192 1227 1442 1268 Tomitanae
1478 1225 1644 1269 hiemisss
1717 1227 1767 1267 In

227 1297 465 1339 undecima
484 1298 527 1338 in
556 1299 789 1352 malignum
818 1299 1028 1353 quendam
1057 1299 1285 1353 hominem,
1317 1299 1387 1353 qui
1411 1298 1658 1339 memoriam
1687 1297 1769 1338 de-

229 1370 422 1410 lictorum
450 1382 623 1410 suorum
651 1376 897 1425 renovarat,
927 1370 1152 1413 invehitur.
1209 1371 1259 1410 In
1277 1369 1530 1411 duodecima
1547 1374 1768 1423 comparat

223 1442 347 1482 >veris
376 1442 513 1482 Italici
536 1443 843 1482 amoenitatem
873 1454 970 1482 cum
996 1455 1103 1482 vere
1132 1443 1367 1484 Tomitano.
1424 1442 1569 1482 Tertia
1598 1440 1766 1483 decima

179 1510 184 1515 ⁴
227 1518 299 1554 est
316 1513 358 1552 in
376 1514 564 1553 natalem
593 1525 733 1567 suum,
766 1525 891 1565 quem
919 1513 1130 1567 obiurgat,
1162 1511 1275 1566 quod
1303 1525 1354 1553 se
1382 1512 1426 1552 in
1455 1512 1680 1567 Scythiam
1706 1513 1765 1555 sit

227 1589 420 1625 secutus.
476 1568 525 1623 In
555 1589 706 1637 quarta
735 1583 907 1624 decima
937 1584 1206 1625 commendat
1233 1584 1372 1625 amieo
1399 1583 1466 1624 sui
1492 1584 1588 1629 loco
1616 1585 1764 1626 Meta-

227 1656 515 1709 morphoseon
553 1658 687 1709 opus,
732 1660 777 1695 et
812 1655 949 1709 haec,
995 1656 1307 1710 qualiacunque
1346 1654 1401 1695 de
1434 1655 1574 1696 Ponto
1607 1656 1763 1710 mittat,

227 1729 397 1768 Tristia.
453 1728 503 1766 In
530 1727 562 1766 Ι.
594 1726 739 1780 elegia
766 1726 856 1766 libri
883 1727 958 1768 IV.
968 1756 984 1781 ,
1025 1739 1136 1780 quae
1165 1728 1258 1768 eius
1285 1726 1378 1767 libri
1405 1726 1528 1780 quasi
1553 1726 1765 1779 praefatio
1818 1752 1823 1755 —

229 1805 314 1854 est,
345 1799 510 1853 scribit,
543 1811 617 1839 cur
635 1794 774 1838 vetiam
810 1810 923 1838 nunc
959 1811 1116 1839 versus
1153 1803 1404 1853 componat,
1440 1798 1698 1853 veniamque
1731 1810 1763 1839 a

227 1871 471 1925 legentibus
508 1870 615 1922 petit
656 1874 830 1922 propter
848 1855 1145 1910 xmiserrimam
1182 1871 1226 1910 in
1262 1882 1347 1924 qua
1382 1875 1581 1910 versetur
1607 1869 1763 1911 eondi-

226 1943 398 1984 tionem.
455 1942 504 1981 In
533 1942 584 1980 Π.
616 1939 859 1981 Germanos
889 1952 915 1980 a
939 1940 1004 1980 Cl.
1034 1941 1202 1981 Tiberio
1226 1942 1396 1993 penitus
1421 1941 1618 1983 devictos
1640 1941 1764 1996 fingit

227 2015 504 2068 habitumque
535 2014 588 2053 ab
619 2026 672 2053 eo
700 2013 812 2053 hanc
842 2013 894 2052 ob
923 2012 1145 2052 victoriam
1173 2013 1427 2065 triumphum
1451 2011 1665 2053 describit.
1712 2013 1762 2053 In

228 2087 303 2134 ΙΠ.
338 2086 483 2126 uxoris
520 2084 649 2125 fidem
685 2083 831 2124 laudat
870 2089 936 2138 et,
976 2088 1023 2122 ut
1050 2095 1146 2122 eam
1177 2084 1305 2122 etiam
1331 2096 1456 2136 porr-o
1483 2083 1567 2124 sibi
1591 2089 1760 2137 servet,

227 2159 434 2200 hortatur.
499 2157 548 2197 In
585 2157 660 2197 IV.
691 2157 828 2196 amico
865 2155 992 2195 nobili
1027 2156 1195 2211 scribit,
1234 2161 1461 2208 peccatum
1495 2167 1639 2206 suum,
1679 2167 1762 2210 quo

229 2231 417 2284 Augusti
434 2230 538 2270 iram
555 2229 768 2283 meruerit,
791 2228 932 2282 magis
962 2240 1145 2267 errorem
1174 2239 1299 2281 quam
1327 2228 1476 2268 scelus
1494 2226 1646 2281 fuisse,
1674 2227 1762 2268 ita-

231 2316 314 2357 que
344 2316 370 2343 a
399 2302 610 2355 Principis
641 2301 866 2342 clementia
895 2300 1036 2340 mitius
1065 2312 1116 2340 se
1148 2299 1404 2353 propiusque
1440 2300 1495 2339 ab
1527 2300 1643 2341 Urbe
1679 2312 1761 2340 ex-

230 2375 369 2416 silium
396 2387 588 2427 sperare.
645 2375 693 2414 In
721 2374 777 2415 V.
812 2373 937 2413 amici
964 2372 1091 2412 fidem
1121 2370 1418 2424 laudateique
1438 2376 1607 2423 gratum
1634 2361 1760 2412 suum

231 2448 415 2488 animum
444 2446 652 2502 declarat,
690 2446 898 2499 petitque,
935 2450 982 2484 ut
1016 2444 1199 2497 posthac
1229 2443 1358 2483 etiam
1385 2443 1467 2482 sibi
1494 2454 1619 2495 opem
1647 2441 1760 2482 ferre

230 2519 348 2559 velit.
418 2519 466 2558 In
507 2518 582 2559 VI.
626 2518 795 2572 scribit,
840 2523 1053 2570 tempore,
1108 2527 1189 2569 quo
1237 2515 1378 2555 omnia
1419 2519 1647 2568 mutentur,
1677 2525 1759 2554 sua

205 2591 345 2631 ‘mala
374 2603 459 2630 non
487 2589 615 2629 minui
659 2594 786 2643 atque
824 2588 974 2642 levari,
1011 2586 1091 2628 sed
1127 2586 1253 2627 etiam
1289 2586 1614 2627 intolerabiliora
1646 2584 1756 2644 fieri,

230 2663 374 2717 itaque
404 2675 532 2702 unum
562 2661 758 2702 solatium
787 2673 905 2715 esse,
945 2658 1055 2713 quod
1091 2659 1326 2713 propinqua
1352 2663 1488 2699 morte
1515 2657 1643 2698 finem
1671 2657 1759 2697 sint
1789 2713 1797 2720 .

231 2734 438 2777 habitura.
509 2734 558 2774 In
593 2734 688 2775 V11.
721 2731 838 2786 apud
874 2731 1055 2772 amicum
1098 2730 1303 2785 queritur,
1351 2724 1462 2784 quod
1505 2741 1582 2783 per
1622 2722 1782 2769 totum*

230 2808 462 2861 biennium,
492 2819 549 2848 ex
575 2818 660 2862 quo
689 2805 730 2847 in
759 2804 908 2848 exsilio
929 2803 1001 2858 sit,
1023 2803 1122 2845 nihil
1145 2803 1198 2845 ab
1221 2814 1274 2843 eo
1294 2801 1514 2857 acceperit
1529 2801 1755 2842 literar-lm.
