<?xml version="1.0" encoding="UTF-8"?>
<!DOCTYPE html PUBLIC "-//W3C//DTD XHTML 1.0 Transitional//EN"
    "http://www.w3.org/TR/xhtml1/DTD/xhtml1-transitional.dtd">
<html xmlns="http://www.w3.org/1999/xhtml" xml:lang="en" lang="en">
 <head>
  <title>
</title>
<meta http-equiv="Content-Type" content="text/html;charset=utf-8" />
  <meta name='ocr-system' content='tesseract 3.04.00' />
  <meta name='ocr-capabilities' content='ocr_page ocr_carea ocr_par ocr_line ocrx_word'/>
</head>
<body>
  <div class='ocr_page' id='page_1' title='image "./tristiumlibriqui00oviduoft_0326.png"; bbox 0 0 1846 3146; ppageno 0'>
   <div class='ocr_carea' id='block_1_1' title="bbox 191 195 291 246">
    <p class='ocr_par' dir='ltr' id='par_1_1' title="bbox 191 195 291 246">
     <span class='ocr_line' id='line_1_1' title="bbox 191 195 291 246; baseline -0.02 0"><span class='ocrx_word' id='word_1_1' title='bbox 191 195 291 246; x_wconf 73' lang='lat'>288</span> 
     </span>
    </p>
   </div>
   <div class='ocr_carea' id='block_1_2' title="bbox 438 194 1486 251">
    <p class='ocr_par' dir='ltr' id='par_1_2' title="bbox 438 194 1486 251">
     <span class='ocr_line' id='line_1_2' title="bbox 438 194 1486 251; baseline 0.006 -6"><span class='ocrx_word' id='word_1_2' title='bbox 438 194 497 245; x_wconf 90' lang='grc' dir='ltr'>Ρ.</span> <span class='ocrx_word' id='word_1_3' title='bbox 534 194 758 247; x_wconf 90' lang='lat' dir='ltr'><strong>OVIDII</strong></span> <span class='ocrx_word' id='word_1_4' title='bbox 790 194 1108 249; x_wconf 83' lang='lat' dir='ltr'><strong>NASONIS</strong></span> <span class='ocrx_word' id='word_1_5' title='bbox 1141 198 1486 251; x_wconf 85' lang='lat' dir='ltr'><strong>TRISTIUM</strong></span> 
     </span>
    </p>
   </div>
   <div class='ocr_carea' id='block_1_3' title="bbox 165 316 1587 553">
    <p class='ocr_par' dir='ltr' id='par_1_3' title="bbox 165 316 1587 553">
     <span class='ocr_line' id='line_1_3' title="bbox 165 316 1531 383; baseline 0.002 -15"><span class='ocrx_word' id='word_1_6' title='bbox 165 316 301 368; x_wconf 64' lang='lat' dir='ltr'>,Sed</span> <span class='ocrx_word' id='word_1_7' title='bbox 333 332 531 380; x_wconf 86' lang='lat' dir='ltr'>vereor,</span> <span class='ocrx_word' id='word_1_8' title='bbox 566 333 629 367; x_wconf 92' lang='lat' dir='ltr'>ne</span> <span class='ocrx_word' id='word_1_9' title='bbox 664 323 716 367; x_wconf 87' lang='lat' dir='ltr'>te</span> <span class='ocrx_word' id='word_1_10' title='bbox 749 333 854 368; x_wconf 87' lang='lat' dir='ltr'>mea</span> <span class='ocrx_word' id='word_1_11' title='bbox 888 335 1017 369; x_wconf 83' lang='lat' dir='ltr'>nunc</span> <span class='ocrx_word' id='word_1_12' title='bbox 1050 319 1246 370; x_wconf 86' lang='lat' dir='ltr'>fortuna</span> <span class='ocrx_word' id='word_1_13' title='bbox 1281 321 1531 383; x_wconf 82' lang='lat' dir='ltr'>retardet,-</span> 
     </span>
     <span class='ocr_line' id='line_1_4' title="bbox 257 401 1433 470; baseline 0.003 -20"><span class='ocrx_word' id='word_1_14' title='bbox 257 401 478 466; x_wconf 81' lang='lat' dir='ltr'>Postque</span> <span class='ocrx_word' id='word_1_15' title='bbox 512 416 648 450; x_wconf 83' lang='lat' dir='ltr'>meos</span> <span class='ocrx_word' id='word_1_16' title='bbox 682 416 827 451; x_wconf 82' lang='lat' dir='ltr'><strong>casus</strong></span> <span class='ocrx_word' id='word_1_17' title='bbox 859 403 928 451; x_wconf 85' lang='lat' dir='ltr'>sit</span> <span class='ocrx_word' id='word_1_18' title='bbox 958 403 1046 453; x_wconf 89' lang='lat' dir='ltr'>tibi</span> <span class='ocrx_word' id='word_1_19' title='bbox 1079 409 1252 470; x_wconf 81' lang='lat' dir='ltr'>pectus</span> <span class='ocrx_word' id='word_1_20' title='bbox 1286 406 1433 453; x_wconf 77' lang='lat' dir='ltr'>iners,</span> 
     </span>
     <span class='ocr_line' id='line_1_5' title="bbox 165 484 1587 553; baseline 0.004 -20"><span class='ocrx_word' id='word_1_21' title='bbox 165 485 319 534; x_wconf 51' lang='lat' dir='ltr'>&gt;Dum</span> <span class='ocrx_word' id='word_1_22' title='bbox 352 485 507 545; x_wconf 84' lang='lat' dir='ltr'>licuit,</span> <span class='ocrx_word' id='word_1_23' title='bbox 541 489 625 533; x_wconf 89' lang='lat' dir='ltr'>tua</span> <span class='ocrx_word' id='word_1_24' title='bbox 659 499 809 551; x_wconf 81' lang='lat' dir='ltr'>saepe</span> <span class='ocrx_word' id='word_1_25' title='bbox 841 484 972 545; x_wconf 82' lang='lat' dir='ltr'>mihi,</span> <span class='ocrx_word' id='word_1_26' title='bbox 1008 485 1097 535; x_wconf 89' lang='lat' dir='ltr'>tibi</span> <span class='ocrx_word' id='word_1_27' title='bbox 1131 492 1300 535; x_wconf 78' lang='lat' dir='ltr'>nostra</span> <span class='ocrx_word' id='word_1_28' title='bbox 1332 487 1587 553; x_wconf 79' lang='lat' dir='ltr'>legebam3</span> 
     </span>
    </p>
   </div>
   <div class='ocr_carea' id='block_1_4' title="bbox 189 566 1567 796">
    <p class='ocr_par' dir='ltr' id='par_1_4' title="bbox 189 566 1567 796">
     <span class='ocr_line' id='line_1_6' title="bbox 257 566 1376 634; baseline 0.003 -18"><span class='ocrx_word' id='word_1_29' title='bbox 257 566 426 634; x_wconf 83' lang='lat' dir='ltr'>Saepe</span> <span class='ocrx_word' id='word_1_30' title='bbox 460 569 532 616; x_wconf 73' lang='lat' dir='ltr'>tui</span> <span class='ocrx_word' id='word_1_31' title='bbox 565 566 732 628; x_wconf 84' lang='lat' dir='ltr'>iudex,</span> <span class='ocrx_word' id='word_1_32' title='bbox 770 582 920 634; x_wconf 86' lang='lat' dir='ltr'>saepe</span> <span class='ocrx_word' id='word_1_33' title='bbox 953 570 1187 633; x_wconf 85' lang='lat' dir='ltr'>magister</span> <span class='ocrx_word' id='word_1_34' title='bbox 1221 584 1376 619; x_wconf 82' lang='lat' dir='ltr'>eram=</span> 
     </span>
     <span class='ocr_line' id='line_1_7' title="bbox 189 650 1567 717; baseline 0.004 -18"><span class='ocrx_word' id='word_1_35' title='bbox 189 651 295 700; x_wconf 88' lang='lat' dir='ltr'>Aut</span> <span class='ocrx_word' id='word_1_36' title='bbox 328 664 424 715; x_wconf 84' lang='lat' dir='ltr'>ego</span> <span class='ocrx_word' id='word_1_37' title='bbox 458 650 751 717; x_wconf 74' lang='lat' dir='ltr'>praebebam</span> <span class='ocrx_word' id='word_1_38' title='bbox 785 651 932 700; x_wconf 83' lang='lat' dir='ltr'>factis</span> <span class='ocrx_word' id='word_1_39' title='bbox 964 650 1110 700; x_wconf 89' lang='lat' dir='ltr'>modo</span> <span class='ocrx_word' id='word_1_40' title='bbox 1144 651 1373 706; x_wconf 77' lang='lat' dir='ltr'>versibus</span> <span class='ocrx_word' id='word_1_41' title='bbox 1407 668 1567 715; x_wconf 58' lang='lat' dir='ltr'>aures),</span> 
     </span>
     <span class='ocr_line' id='line_1_8' title="bbox 254 733 1360 796; baseline 0 -13"><span class='ocrx_word' id='word_1_42' title='bbox 254 734 376 795; x_wconf 81' lang='lat' dir='ltr'>Aut,</span> <span class='ocrx_word' id='word_1_43' title='bbox 411 733 496 783; x_wconf 89' lang='lat' dir='ltr'>ubi</span> <span class='ocrx_word' id='word_1_44' title='bbox 531 748 771 796; x_wconf 60' lang='lat' dir='ltr'>cessarem,</span> <span class='ocrx_word' id='word_1_45' title='bbox 809 750 957 784; x_wconf 86' lang='lat' dir='ltr'>causa</span> <span class='ocrx_word' id='word_1_46' title='bbox 988 733 1182 783; x_wconf 87' lang='lat' dir='ltr'>ruboris</span> <span class='ocrx_word' id='word_1_47' title='bbox 1215 749 1360 783; x_wconf 87' lang='lat' dir='ltr'>eram.</span> 
     </span>
    </p>
   </div>
   <div class='ocr_carea' id='block_1_5' title="bbox 1657 656 1723 705">
    <p class='ocr_par' dir='ltr' id='par_1_5' title="bbox 1657 656 1723 705">
     <span class='ocr_line' id='line_1_9' title="bbox 1657 656 1723 705; baseline 0.015 -1"><span class='ocrx_word' id='word_1_48' title='bbox 1657 656 1723 705; x_wconf 77' lang='lat'>25</span> 
     </span>
    </p>
   </div>
   <div class='ocr_carea' id='block_1_6' title="bbox 190 816 1528 972">
    <p class='ocr_par' dir='ltr' id='par_1_6' title="bbox 190 816 1528 972">
     <span class='ocr_line' id='line_1_10' title="bbox 190 816 1404 883; baseline 0.002 -16"><span class='ocrx_word' id='word_1_49' title='bbox 190 816 424 867; x_wconf 80' lang='lat' dir='ltr'><strong>Forsitan</strong></span> <span class='ocrx_word' id='word_1_50' title='bbox 459 817 706 883; x_wconf 77' lang='lat' dir='ltr'>exemplo,</span> <span class='ocrx_word' id='word_1_51' title='bbox 744 818 858 882; x_wconf 87' lang='lat' dir='ltr'>quia</span> <span class='ocrx_word' id='word_1_52' title='bbox 890 831 967 865; x_wconf 91' lang='lat' dir='ltr'>me</span> <span class='ocrx_word' id='word_1_53' title='bbox 999 816 1193 865; x_wconf 82' lang='lat' dir='ltr'>laesere</span> <span class='ocrx_word' id='word_1_54' title='bbox 1226 817 1404 879; x_wconf 80' lang='lat' dir='ltr'>libelli,</span> 
     </span>
     <span class='ocr_line' id='line_1_11' title="bbox 259 899 1528 972; baseline 0 -21"><span class='ocrx_word' id='word_1_55' title='bbox 259 901 341 951; x_wconf 87' lang='lat' dir='ltr'>Tu</span> <span class='ocrx_word' id='word_1_56' title='bbox 377 915 570 967; x_wconf 88' lang='lat' dir='ltr'>quoque</span> <span class='ocrx_word' id='word_1_57' title='bbox 602 901 688 972; x_wconf 13' lang='grc' dir='ltr'>εἰει</span> <span class='ocrx_word' id='word_1_58' title='bbox 705 914 896 967; x_wconf 90' lang='lat' dir='ltr'>poenae</span> <span class='ocrx_word' id='word_1_59' title='bbox 929 899 1064 949; x_wconf 84' lang='lat' dir='ltr'>facta</span> <span class='ocrx_word' id='word_1_60' title='bbox 1096 901 1300 949; x_wconf 82' lang='lat' dir='ltr'>remissa</span> <span class='ocrx_word' id='word_1_61' title='bbox 1331 910 1482 951; x_wconf 83' lang='lat' dir='ltr'>meae.</span> <span class='ocrx_word' id='word_1_62' title='bbox 1526 956 1528 958; x_wconf 75' lang='lat'><strong>.</strong></span> 
     </span>
    </p>
   </div>
   <div class='ocr_carea' id='block_1_7' title="bbox 189 1083 927 1398">
    <p class='ocr_par' dir='ltr' id='par_1_7' title="bbox 189 1083 927 1398">
     <span class='ocr_line' id='line_1_12' title="bbox 234 1083 926 1129; baseline -0.004 -7"><span class='ocrx_word' id='word_1_63' title='bbox 234 1089 290 1122; x_wconf 86' lang='grc'><strong>20.</strong></span> <span class='ocrx_word' id='word_1_64' title='bbox 333 1083 487 1119; x_wconf 60' lang='lat' dir='ltr'>Vincet.</span> <span class='ocrx_word' id='word_1_65' title='bbox 538 1086 630 1120; x_wconf 74' lang='lat' dir='ltr'>Tres</span> <span class='ocrx_word' id='word_1_66' title='bbox 674 1086 771 1128; x_wconf 85' lang='lat' dir='ltr'>apud</span> <span class='ocrx_word' id='word_1_67' title='bbox 815 1085 926 1129; x_wconf 68' lang='lat' dir='ltr'>cion,</span> 
     </span>
     <span class='ocr_line' id='line_1_13' title="bbox 190 1141 927 1185; baseline -0.004 -8"><span class='ocrx_word' id='word_1_68' title='bbox 190 1145 344 1185; x_wconf 86' lang='lat' dir='ltr'>Bersm.,</span> <span class='ocrx_word' id='word_1_69' title='bbox 373 1142 488 1184; x_wconf 86' lang='lat' dir='ltr'><strong>Busl.‚</strong></span> <span class='ocrx_word' id='word_1_70' title='bbox 515 1141 678 1184; x_wconf 84' lang='lat' dir='ltr'>Pirckh.,</span> <span class='ocrx_word' id='word_1_71' title='bbox 707 1141 831 1184; x_wconf 58' lang='lat' dir='ltr'>Crem,</span> <span class='ocrx_word' id='word_1_72' title='bbox 851 1143 927 1175; x_wconf 87' lang='lat' dir='ltr'>VII</span> 
     </span>
     <span class='ocr_line' id='line_1_14' title="bbox 191 1195 926 1231; baseline 0 0"><span class='ocrx_word' id='word_1_73' title='bbox 191 1199 317 1231; x_wconf 78' lang='lat' dir='ltr'>Heius.</span> <span class='ocrx_word' id='word_1_74' title='bbox 348 1199 386 1230; x_wconf 87' lang='lat' dir='ltr'>et</span> <span class='ocrx_word' id='word_1_75' title='bbox 413 1198 504 1230; x_wconf 84' lang='lat' dir='ltr'>vett.</span> <span class='ocrx_word' id='word_1_76' title='bbox 535 1198 615 1229; x_wconf 89' lang='lat' dir='ltr'>edd.</span> <span class='ocrx_word' id='word_1_77' title='bbox 643 1195 770 1229; x_wconf 79' lang='lat' dir='ltr'>vincit.</span> <span class='ocrx_word' id='word_1_78' title='bbox 823 1198 926 1231; x_wconf 86' lang='lat' dir='ltr'>Leid.</span> 
     </span>
     <span class='ocr_line' id='line_1_15' title="bbox 190 1251 926 1294; baseline -0.003 -7"><span class='ocrx_word' id='word_1_79' title='bbox 190 1253 332 1287; x_wconf 73' lang='lat' dir='ltr'>vincat.</span> <span class='ocrx_word' id='word_1_80' title='bbox 377 1251 514 1285; x_wconf 75' lang='lat' dir='ltr'>Lesbia</span> <span class='ocrx_word' id='word_1_81' title='bbox 530 1252 647 1293; x_wconf 82' lang='lat' dir='ltr'>vates,</span> <span class='ocrx_word' id='word_1_82' title='bbox 662 1253 822 1294; x_wconf 80' lang='lat' dir='ltr'><strong>Sappho.</strong></span> <span class='ocrx_word' id='word_1_83' title='bbox 843 1254 926 1287; x_wconf 89' lang='lat' dir='ltr'>Vid.</span> 
     </span>
     <span class='ocr_line' id='line_1_16' title="bbox 190 1309 927 1352; baseline -0.001 -9"><span class='ocrx_word' id='word_1_84' title='bbox 190 1311 238 1343; x_wconf 89' lang='lat' dir='ltr'>ad</span> <span class='ocrx_word' id='word_1_85' title='bbox 261 1312 314 1352; x_wconf 91' lang='lat'>11,</span> <span class='ocrx_word' id='word_1_86' title='bbox 346 1309 423 1342; x_wconf 80' lang='lat'><strong>365.</strong></span> <span class='ocrx_word' id='word_1_87' title='bbox 445 1309 483 1341; x_wconf 81' lang='lat' dir='ltr'>et</span> <span class='ocrx_word' id='word_1_88' title='bbox 505 1309 691 1350; x_wconf 83' lang='lat' dir='ltr'>praefatio</span> <span class='ocrx_word' id='word_1_89' title='bbox 713 1309 818 1342; x_wconf 84' lang='lat' dir='ltr'>huius</span> <span class='ocrx_word' id='word_1_90' title='bbox 841 1317 927 1342; x_wconf 85' lang='lat' dir='ltr'>car-</span> 
     </span>
     <span class='ocr_line' id='line_1_17' title="bbox 189 1364 306 1398; baseline -0.009 0"><span class='ocrx_word' id='word_1_91' title='bbox 189 1364 306 1398; x_wconf 84' lang='lat' dir='ltr'>minis.</span> 
     </span>
    </p>
   </div>
   <div class='ocr_carea' id='block_1_8' title="bbox 233 1441 926 1483">
    <p class='ocr_par' dir='ltr' id='par_1_8' title="bbox 233 1441 926 1483">
     <span class='ocr_line' id='line_1_18' title="bbox 233 1441 926 1483; baseline -0.001 -8"><span class='ocrx_word' id='word_1_92' title='bbox 233 1442 288 1475; x_wconf 80' lang='lat'>21.</span> <span class='ocrx_word' id='word_1_93' title='bbox 312 1441 389 1474; x_wconf 80' lang='lat' dir='ltr'>Sed</span> <span class='ocrx_word' id='word_1_94' title='bbox 412 1448 562 1483; x_wconf 82' lang='lat' dir='ltr'>vereor,</span> <span class='ocrx_word' id='word_1_95' title='bbox 584 1448 632 1473; x_wconf 82' lang='lat' dir='ltr'>ne</span> <span class='ocrx_word' id='word_1_96' title='bbox 653 1448 754 1474; x_wconf 81' lang='lat' dir='ltr'>nunc</span> <span class='ocrx_word' id='word_1_97' title='bbox 772 1448 858 1474; x_wconf 85' lang='lat' dir='ltr'>mea</span> <span class='ocrx_word' id='word_1_98' title='bbox 879 1442 926 1474; x_wconf 85' lang='lat' dir='ltr'>te.</span> 
     </span>
    </p>
   </div>
   <div class='ocr_carea' id='block_1_9' title="bbox 106 1492 927 1555">
    <p class='ocr_par' dir='ltr' id='par_1_9' title="bbox 106 1492 927 1555">
     <span class='ocr_line' id='line_1_19' title="bbox 106 1492 927 1555; baseline -0.004 -23"><span class='ocrx_word' id='word_1_99' title='bbox 106 1548 109 1555; x_wconf 26' lang='grc' dir='ltr'>ἱ</span> <span class='ocrx_word' id='word_1_100' title='bbox 155 1538 159 1544; x_wconf 31' lang='lat'>¹</span> <span class='ocrx_word' id='word_1_101' title='bbox 192 1499 273 1532; x_wconf 86' lang='lat' dir='ltr'>Put.</span> <span class='ocrx_word' id='word_1_102' title='bbox 298 1500 336 1531; x_wconf 81' lang='lat' dir='ltr'>et</span> <span class='ocrx_word' id='word_1_103' title='bbox 360 1492 398 1530; x_wconf 83' lang='lat'>11</span> <span class='ocrx_word' id='word_1_104' title='bbox 421 1497 485 1530; x_wconf 84' lang='lat' dir='ltr'>alii</span> <span class='ocrx_word' id='word_1_105' title='bbox 505 1497 645 1540; x_wconf 65' lang='lat' dir='ltr'>Heius„</span> <span class='ocrx_word' id='word_1_106' title='bbox 659 1497 927 1540; x_wconf 75' lang='lat' dir='ltr'>Guelf.,13ern.,</span> 
     </span>
    </p>
   </div>
   <div class='ocr_carea' id='block_1_10' title="bbox 188 1553 930 2314">
    <p class='ocr_par' dir='ltr' id='par_1_10' title="bbox 188 1553 930 2314">
     <span class='ocr_line' id='line_1_20' title="bbox 189 1553 927 1595; baseline 0 -8"><span class='ocrx_word' id='word_1_107' title='bbox 189 1554 314 1588; x_wconf 87' lang='lat' dir='ltr'>Berol.</span> <span class='ocrx_word' id='word_1_108' title='bbox 337 1562 384 1586; x_wconf 83' lang='lat' dir='ltr'>ne</span> <span class='ocrx_word' id='word_1_109' title='bbox 408 1553 444 1586; x_wconf 82' lang='lat' dir='ltr'>te</span> <span class='ocrx_word' id='word_1_110' title='bbox 464 1561 550 1586; x_wconf 81' lang='lat' dir='ltr'>mea</span> <span class='ocrx_word' id='word_1_111' title='bbox 571 1561 683 1595; x_wconf 82' lang='lat' dir='ltr'>nunc,</span> <span class='ocrx_word' id='word_1_112' title='bbox 707 1561 812 1594; x_wconf 84' lang='lat' dir='ltr'>quem</span> <span class='ocrx_word' id='word_1_113' title='bbox 837 1563 927 1587; x_wconf 86' lang='lat' dir='ltr'>ver-</span> 
     </span>
     <span class='ocr_line' id='line_1_21' title="bbox 188 1608 927 1650; baseline -0.001 -7"><span class='ocrx_word' id='word_1_114' title='bbox 188 1610 321 1643; x_wconf 86' lang='lat' dir='ltr'>borum</span> <span class='ocrx_word' id='word_1_115' title='bbox 332 1609 496 1641; x_wconf 83' lang='lat' dir='ltr'>ordinem</span> <span class='ocrx_word' id='word_1_116' title='bbox 507 1608 643 1650; x_wconf 79' lang='lat' dir='ltr'>primus</span> <span class='ocrx_word' id='word_1_117' title='bbox 658 1609 801 1650; x_wconf 86' lang='lat' dir='ltr'>recepit</span> <span class='ocrx_word' id='word_1_118' title='bbox 811 1609 927 1642; x_wconf 84' lang='lat' dir='ltr'>Hein-</span> 
     </span>
     <span class='ocr_line' id='line_1_22' title="bbox 189 1663 930 1699; baseline -0.003 -1"><span class='ocrx_word' id='word_1_119' title='bbox 189 1666 282 1699; x_wconf 84' lang='lat' dir='ltr'>sius:</span> <span class='ocrx_word' id='word_1_120' title='bbox 316 1665 395 1697; x_wconf 86' lang='lat' dir='ltr'>sine</span> <span class='ocrx_word' id='word_1_121' title='bbox 424 1664 521 1696; x_wconf 84' lang='lat' dir='ltr'>iusta</span> <span class='ocrx_word' id='word_1_122' title='bbox 556 1671 696 1696; x_wconf 81' lang='lat' dir='ltr'><strong>caussa.</strong></span> <span class='ocrx_word' id='word_1_123' title='bbox 741 1665 837 1696; x_wconf 85' lang='lat' dir='ltr'>Mor.</span> <span class='ocrx_word' id='word_1_124' title='bbox 860 1663 930 1696; x_wconf 78' lang='lat' dir='ltr'>sed</span> 
     </span>
     <span class='ocr_line' id='line_1_23' title="bbox 190 1717 926 1752; baseline 0 0"><span class='ocrx_word' id='word_1_125' title='bbox 190 1728 239 1752; x_wconf 77' lang='lat' dir='ltr'>ne</span> <span class='ocrx_word' id='word_1_126' title='bbox 261 1727 362 1752; x_wconf 81' lang='lat' dir='ltr'>nunc</span> <span class='ocrx_word' id='word_1_127' title='bbox 372 1727 457 1751; x_wconf 85' lang='lat' dir='ltr'>mea</span> <span class='ocrx_word' id='word_1_128' title='bbox 468 1719 504 1750; x_wconf 83' lang='lat' dir='ltr'>te</span> <span class='ocrx_word' id='word_1_129' title='bbox 529 1717 651 1750; x_wconf 80' lang='lat' dir='ltr'>timeo.</span> <span class='ocrx_word' id='word_1_130' title='bbox 695 1718 787 1750; x_wconf 81' lang='lat' dir='ltr'>Tres</span> <span class='ocrx_word' id='word_1_131' title='bbox 802 1718 926 1752; x_wconf 86' lang='lat' dir='ltr'>Heins.</span> 
     </span>
     <span class='ocr_line' id='line_1_24' title="bbox 191 1773 927 1807; baseline 0 0"><span class='ocrx_word' id='word_1_132' title='bbox 191 1775 260 1807; x_wconf 79' lang='lat' dir='ltr'>sed</span> <span class='ocrx_word' id='word_1_133' title='bbox 280 1783 327 1807; x_wconf 87' lang='lat' dir='ltr'>ne</span> <span class='ocrx_word' id='word_1_134' title='bbox 349 1781 449 1806; x_wconf 82' lang='lat' dir='ltr'>nunc</span> <span class='ocrx_word' id='word_1_135' title='bbox 470 1781 556 1805; x_wconf 82' lang='lat' dir='ltr'>mea</span> <span class='ocrx_word' id='word_1_136' title='bbox 582 1773 618 1805; x_wconf 86' lang='lat' dir='ltr'>te</span> <span class='ocrx_word' id='word_1_137' title='bbox 635 1781 784 1806; x_wconf 83' lang='lat' dir='ltr'>vereor.</span> <span class='ocrx_word' id='word_1_138' title='bbox 831 1775 927 1807; x_wconf 81' lang='lat' dir='ltr'>Sen-</span> 
     </span>
     <span class='ocr_line' id='line_1_25' title="bbox 190 1829 927 1873; baseline 0 -10"><span class='ocrx_word' id='word_1_139' title='bbox 190 1830 388 1863; x_wconf 83' lang='lat' dir='ltr'>tentiarum</span> <span class='ocrx_word' id='word_1_140' title='bbox 416 1837 533 1862; x_wconf 80' lang='lat' dir='ltr'>nexus</span> <span class='ocrx_word' id='word_1_141' title='bbox 570 1829 628 1862; x_wconf 86' lang='lat' dir='ltr'>hic</span> <span class='ocrx_word' id='word_1_142' title='bbox 664 1831 740 1863; x_wconf 88' lang='lat' dir='ltr'>est:</span> <span class='ocrx_word' id='word_1_143' title='bbox 777 1839 927 1873; x_wconf 81' lang='lat' dir='ltr'>vereor,</span> 
     </span>
     <span class='ocr_line' id='line_1_26' title="bbox 189 1883 927 1927; baseline 0.003 -11"><span class='ocrx_word' id='word_1_144' title='bbox 189 1892 237 1916; x_wconf 83' lang='lat' dir='ltr'>ne</span> <span class='ocrx_word' id='word_1_145' title='bbox 257 1883 348 1924; x_wconf 78' lang='lat' dir='ltr'>post</span> <span class='ocrx_word' id='word_1_146' title='bbox 368 1890 470 1914; x_wconf 84' lang='lat' dir='ltr'>meos</span> <span class='ocrx_word' id='word_1_147' title='bbox 492 1891 615 1927; x_wconf 73' lang='lat' dir='ltr'>casus,</span> <span class='ocrx_word' id='word_1_148' title='bbox 638 1892 722 1916; x_wconf 86' lang='lat' dir='ltr'>cum</span> <span class='ocrx_word' id='word_1_149' title='bbox 741 1884 927 1918; x_wconf 76' lang='lat' dir='ltr'>incitato-</span> 
     </span>
     <span class='ocr_line' id='line_1_27' title="bbox 189 1938 926 1981; baseline -0.001 -9"><span class='ocrx_word' id='word_1_150' title='bbox 189 1948 236 1972; x_wconf 86' lang='lat' dir='ltr'>re</span> <span class='ocrx_word' id='word_1_151' title='bbox 259 1940 296 1972; x_wconf 79' lang='lat' dir='ltr'>et</span> <span class='ocrx_word' id='word_1_152' title='bbox 319 1938 569 1971; x_wconf 73' lang='lat' dir='ltr'>exhortator-e</span> <span class='ocrx_word' id='word_1_153' title='bbox 598 1947 747 1981; x_wconf 83' lang='lat' dir='ltr'>careas,</span> <span class='ocrx_word' id='word_1_154' title='bbox 780 1938 926 1971; x_wconf 78' lang='lat' dir='ltr'>carmi-</span> 
     </span>
     <span class='ocr_line' id='line_1_28' title="bbox 191 1992 926 2033; baseline 0 -6"><span class='ocrx_word' id='word_1_155' title='bbox 191 2003 282 2027; x_wconf 82' lang='lat' dir='ltr'>num</span> <span class='ocrx_word' id='word_1_156' title='bbox 296 1994 462 2027; x_wconf 80' lang='lat' dir='ltr'>studium</span> <span class='ocrx_word' id='word_1_157' title='bbox 479 1992 685 2025; x_wconf 68' lang='lat' dir='ltr'>abice-eris.-</span> <span class='ocrx_word' id='word_1_158' title='bbox 710 1996 826 2033; x_wconf 83' lang='lat' dir='ltr'>(nam)</span> <span class='ocrx_word' id='word_1_159' title='bbox 839 1996 926 2027; x_wconf 81' lang='lat' dir='ltr'>dum</span> 
     </span>
     <span class='ocr_line' id='line_1_29' title="bbox 191 2047 926 2083; baseline -0.003 0"><span class='ocrx_word' id='word_1_160' title='bbox 191 2049 304 2083; x_wconf 73' lang='lat' dir='ltr'>licuit</span> <span class='ocrx_word' id='word_1_161' title='bbox 324 2074 334 2083; x_wconf 92' lang='lat'><strong>.</strong></span> <span class='ocrx_word' id='word_1_162' title='bbox 359 2074 368 2082; x_wconf 93' lang='lat'><strong>.</strong></span> <span class='ocrx_word' id='word_1_163' title='bbox 394 2074 402 2081; x_wconf 94' lang='lat'><strong>.</strong></span> <span class='ocrx_word' id='word_1_164' title='bbox 425 2047 582 2081; x_wconf 77' lang='lat' dir='ltr'>ruboris</span> <span class='ocrx_word' id='word_1_165' title='bbox 611 2057 729 2080; x_wconf 83' lang='lat' dir='ltr'>eram.</span> <span class='ocrx_word' id='word_1_166' title='bbox 785 2048 926 2081; x_wconf 77' lang='lat' dir='ltr'>Forsi-</span> 
     </span>
     <span class='ocr_line' id='line_1_30' title="bbox 192 2104 926 2144; baseline -0.003 -6"><span class='ocrx_word' id='word_1_167' title='bbox 192 2106 259 2138; x_wconf 81' lang='lat' dir='ltr'>tan</span> <span class='ocrx_word' id='word_1_168' title='bbox 271 2106 444 2144; x_wconf 81' lang='lat' dir='ltr'>(alteram</span> <span class='ocrx_word' id='word_1_169' title='bbox 465 2113 631 2137; x_wconf 82' lang='lat' dir='ltr'><strong>caussam</strong></span> <span class='ocrx_word' id='word_1_170' title='bbox 641 2105 801 2141; x_wconf 84' lang='lat' dir='ltr'>subiicit)</span> <span class='ocrx_word' id='word_1_171' title='bbox 813 2104 926 2137; x_wconf 76' lang='lat' dir='ltr'>etiam</span> 
     </span>
     <span class='ocr_line' id='line_1_31' title="bbox 190 2158 925 2202; baseline -0.001 -9"><span class='ocrx_word' id='word_1_172' title='bbox 190 2168 272 2193; x_wconf 83' lang='lat' dir='ltr'>meo</span> <span class='ocrx_word' id='word_1_173' title='bbox 296 2158 591 2202; x_wconf 72' lang='lat' dir='ltr'>exemplo,.quia</span> <span class='ocrx_word' id='word_1_174' title='bbox 611 2182 642 2191; x_wconf 89' lang='lat'>..</span> <span class='ocrx_word' id='word_1_175' title='bbox 662 2183 671 2191; x_wconf 93' lang='lat'><strong>.</strong></span> <span class='ocrx_word' id='word_1_176' title='bbox 689 2168 802 2192; x_wconf 76' lang='lat' dir='ltr'>meas.</span> <span class='ocrx_word' id='word_1_177' title='bbox 827 2161 925 2197; x_wconf 88' lang='lat' dir='ltr'>(Ve-</span> 
     </span>
     <span class='ocr_line' id='line_1_32' title="bbox 191 2215 923 2257; baseline -0.001 -8"><span class='ocrx_word' id='word_1_178' title='bbox 191 2218 290 2254; x_wconf 87' lang='lat' dir='ltr'>rum)</span> <span class='ocrx_word' id='word_1_179' title='bbox 323 2224 422 2257; x_wconf 80' lang='lat' dir='ltr'>pone</span> <span class='ocrx_word' id='word_1_180' title='bbox 453 2215 592 2247; x_wconf 81' lang='lat' dir='ltr'>metum</span> <span class='ocrx_word' id='word_1_181' title='bbox 626 2216 698 2247; x_wconf 81' lang='lat' dir='ltr'>etc.</span> <span class='ocrx_word' id='word_1_182' title='bbox 730 2232 775 2238; x_wconf 74' lang='lat'>—</span> <span class='ocrx_word' id='word_1_183' title='bbox 797 2216 844 2248; x_wconf 91' lang='lat' dir='ltr'>V.</span> <span class='ocrx_word' id='word_1_184' title='bbox 869 2216 923 2248; x_wconf 89' lang='grc'><strong>22.</strong></span> 
     </span>
     <span class='ocr_line' id='line_1_33' title="bbox 192 2272 922 2314; baseline -0.003 -10"><span class='ocrx_word' id='word_1_185' title='bbox 192 2273 325 2305; x_wconf 84' lang='lat' dir='ltr'>Franc.</span> <span class='ocrx_word' id='word_1_186' title='bbox 335 2277 480 2314; x_wconf 77' lang='lat' dir='ltr'>perque</span> <span class='ocrx_word' id='word_1_187' title='bbox 495 2278 606 2302; x_wconf 75' lang='lat' dir='ltr'>meoS.</span> <span class='ocrx_word' id='word_1_188' title='bbox 651 2272 748 2303; x_wconf 85' lang='lat' dir='ltr'>Mor.</span> <span class='ocrx_word' id='word_1_189' title='bbox 771 2278 922 2312; x_wconf 80' lang='lat' dir='ltr'>corpus.</span> 
     </span>
    </p>
   </div>
   <div class='ocr_carea' id='block_1_11' title="bbox 190 2356 925 2735">
    <p class='ocr_par' dir='ltr' id='par_1_11' title="bbox 192 2356 925 2516">
     <span class='ocr_line' id='line_1_34' title="bbox 234 2356 925 2402; baseline -0.004 -8"><span class='ocrx_word' id='word_1_190' title='bbox 234 2361 292 2394; x_wconf 83' lang='lat'>23.</span> <span class='ocrx_word' id='word_1_191' title='bbox 325 2359 520 2402; x_wconf 74' lang='lat' dir='ltr'>Leqebam.</span> <span class='ocrx_word' id='word_1_192' title='bbox 574 2356 657 2391; x_wconf 84' lang='lat' dir='ltr'>vid.</span> <span class='ocrx_word' id='word_1_193' title='bbox 687 2360 755 2402; x_wconf 90' lang='lat' dir='ltr'>IV,</span> <span class='ocrx_word' id='word_1_194' title='bbox 790 2359 848 2402; x_wconf 85' lang='lat'>10,</span> <span class='ocrx_word' id='word_1_195' title='bbox 869 2359 925 2392; x_wconf 79' lang='lat'>45.</span> 
     </span>
     <span class='ocr_line' id='line_1_35' title="bbox 192 2413 925 2460; baseline -0.007 -10"><span class='ocrx_word' id='word_1_196' title='bbox 192 2420 230 2450; x_wconf 90' lang='lat' dir='ltr'>et</span> <span class='ocrx_word' id='word_1_197' title='bbox 252 2419 321 2460; x_wconf 89' lang='lat'><em>111,</em></span> <span class='ocrx_word' id='word_1_198' title='bbox 352 2417 416 2460; x_wconf 82' lang='lat'>15,</span> <span class='ocrx_word' id='word_1_199' title='bbox 447 2417 500 2449; x_wconf 81' lang='grc'><strong>39.</strong></span> <span class='ocrx_word' id='word_1_200' title='bbox 553 2414 658 2447; x_wconf 83' lang='lat' dir='ltr'>Conf.</span> <span class='ocrx_word' id='word_1_201' title='bbox 686 2414 790 2446; x_wconf 85' lang='lat' dir='ltr'>Pont.</span> <span class='ocrx_word' id='word_1_202' title='bbox 814 2415 867 2455; x_wconf 91' lang='lat'>11,</span> <span class='ocrx_word' id='word_1_203' title='bbox 889 2413 925 2456; x_wconf 77' lang='lat'>4,</span> 
     </span>
     <span class='ocr_line' id='line_1_36' title="bbox 192 2471 515 2516; baseline -0.012 -10"><span class='ocrx_word' id='word_1_204' title='bbox 192 2473 262 2516; x_wconf 64' lang='lat'>13„</span> <span class='ocrx_word' id='word_1_205' title='bbox 285 2474 354 2515; x_wconf 89' lang='lat' dir='ltr'>IV,</span> <span class='ocrx_word' id='word_1_206' title='bbox 377 2473 435 2515; x_wconf 86' lang='grc'>12,</span> <span class='ocrx_word' id='word_1_207' title='bbox 462 2471 515 2503; x_wconf 75' lang='lat'>1³.</span> 
     </span>
    </p>

    <p class='ocr_par' dir='ltr' id='par_1_12' title="bbox 190 2523 925 2735">
     <span class='ocr_line' id='line_1_37' title="bbox 235 2523 925 2566; baseline -0.003 -6"><span class='ocrx_word' id='word_1_208' title='bbox 235 2528 334 2560; x_wconf 87' lang='lat' dir='ltr'><strong>Busl.</strong></span> <span class='ocrx_word' id='word_1_209' title='bbox 373 2527 440 2559; x_wconf 83' lang='lat' dir='ltr'>tua</span> <span class='ocrx_word' id='word_1_210' title='bbox 479 2523 630 2566; x_wconf 66' lang='lat' dir='ltr'>scripta</span> <span class='ocrx_word' id='word_1_211' title='bbox 659 2524 759 2557; x_wconf 78' lang='lat' dir='ltr'>mihi.</span> <span class='ocrx_word' id='word_1_212' title='bbox 820 2527 925 2558; x_wconf 82' lang='lat' dir='ltr'>Serv.</span> 
     </span>
     <span class='ocr_line' id='line_1_38' title="bbox 192 2579 925 2625; baseline -0.003 -9"><span class='ocrx_word' id='word_1_213' title='bbox 192 2583 351 2625; x_wconf 65' lang='lat' dir='ltr'>legebas.</span> <span class='ocrx_word' id='word_1_214' title='bbox 395 2583 441 2615; x_wconf 90' lang='lat' dir='ltr'>V.</span> <span class='ocrx_word' id='word_1_215' title='bbox 454 2582 508 2615; x_wconf 78' lang='lat'>24.</span> <span class='ocrx_word' id='word_1_216' title='bbox 531 2583 621 2623; x_wconf 86' lang='lat' dir='ltr'>Reg.</span> <span class='ocrx_word' id='word_1_217' title='bbox 653 2580 714 2622; x_wconf 79' lang='lat' dir='ltr'>fui</span> <span class='ocrx_word' id='word_1_218' title='bbox 736 2579 865 2614; x_wconf 79' lang='lat' dir='ltr'>iudeoe.</span> <span class='ocrx_word' id='word_1_219' title='bbox 887 2584 925 2614; x_wconf 93' lang='lat'>11</span> 
     </span>
     <span class='ocr_line' id='line_1_39' title="bbox 192 2637 925 2671; baseline -0.001 0"><span class='ocrx_word' id='word_1_220' title='bbox 192 2638 315 2671; x_wconf 81' lang='lat' dir='ltr'>Heius.</span> <span class='ocrx_word' id='word_1_221' title='bbox 346 2638 446 2671; x_wconf 78' lang='lat' dir='ltr'>tuus.</span> <span class='ocrx_word' id='word_1_222' title='bbox 501 2637 548 2670; x_wconf 88' lang='lat' dir='ltr'>V.</span> <span class='ocrx_word' id='word_1_223' title='bbox 577 2637 631 2670; x_wconf 76' lang='lat'>25.</span> <span class='ocrx_word' id='word_1_224' title='bbox 672 2637 781 2671; x_wconf 81' lang='lat' dir='ltr'>Grev.</span> <span class='ocrx_word' id='word_1_225' title='bbox 815 2638 925 2671; x_wconf 82' lang='lat' dir='ltr'>modo</span> 
     </span>
     <span class='ocr_line' id='line_1_40' title="bbox 190 2692 320 2735; baseline -0.015 -10"><span class='ocrx_word' id='word_1_226' title='bbox 190 2692 320 2735; x_wconf 74' lang='lat' dir='ltr'>factis.</span> 
     </span>
    </p>
   </div>
   <div class='ocr_carea' id='block_1_12' title="bbox 193 2779 934 2934">
    <p class='ocr_par' dir='ltr' id='par_1_13' title="bbox 193 2779 934 2934">
     <span class='ocr_line' id='line_1_41' title="bbox 234 2779 925 2824; baseline -0.003 -9"><span class='ocrx_word' id='word_1_227' title='bbox 234 2782 290 2815; x_wconf 81' lang='grc'><strong>26.</strong></span> <span class='ocrx_word' id='word_1_228' title='bbox 323 2779 529 2824; x_wconf 74' lang='lat' dir='ltr'>Cessaras,</span> <span class='ocrx_word' id='word_1_229' title='bbox 560 2782 682 2815; x_wconf 87' lang='lat' dir='ltr'>nullos</span> <span class='ocrx_word' id='word_1_230' title='bbox 714 2790 843 2816; x_wconf 87' lang='lat' dir='ltr'>versus</span> <span class='ocrx_word' id='word_1_231' title='bbox 865 2782 925 2814; x_wconf 85' lang='lat' dir='ltr'>fe-</span> 
     </span>
     <span class='ocr_line' id='line_1_42' title="bbox 193 2836 925 2873; baseline -0.004 -1"><span class='ocrx_word' id='word_1_232' title='bbox 193 2847 311 2873; x_wconf 84' lang='lat' dir='ltr'>ceras.</span> <span class='ocrx_word' id='word_1_233' title='bbox 357 2837 432 2872; x_wconf 85' lang='lat' dir='ltr'>Cic.</span> <span class='ocrx_word' id='word_1_234' title='bbox 456 2838 569 2871; x_wconf 78' lang='lat' dir='ltr'>Acad.</span> <span class='ocrx_word' id='word_1_235' title='bbox 595 2839 623 2870; x_wconf 91' lang='lat'>1.</span> <span class='ocrx_word' id='word_1_236' title='bbox 647 2845 679 2870; x_wconf 90' lang='lat' dir='ltr'>c.</span> <span class='ocrx_word' id='word_1_237' title='bbox 703 2841 734 2871; x_wconf 91' lang='lat'>1.</span> <span class='ocrx_word' id='word_1_238' title='bbox 749 2836 864 2870; x_wconf 76' lang='lat' dir='ltr'>silent</span> <span class='ocrx_word' id='word_1_239' title='bbox 883 2845 925 2869; x_wconf 86' lang='lat' dir='ltr'>e-</span> 
     </span>
     <span class='ocr_line' id='line_1_43' title="bbox 193 2882 934 2934; baseline -0.003 -7"><span class='ocrx_word' id='word_1_240' title='bbox 193 2892 272 2927; x_wconf 78' lang='lat' dir='ltr'>nim</span> <span class='ocrx_word' id='word_1_241' title='bbox 286 2891 428 2928; x_wconf 79' lang='lat' dir='ltr'>diutius</span> <span class='ocrx_word' id='word_1_242' title='bbox 441 2882 577 2927; x_wconf 65' lang='lat' dir='ltr'>Musae</span> <span class='ocrx_word' id='word_1_243' title='bbox 594 2891 798 2934; x_wconf 79' lang='lat' dir='ltr'>Varronis,</span> <span class='ocrx_word' id='word_1_244' title='bbox 811 2898 934 2934; x_wconf 55' lang='lat' dir='ltr'>quams</span> 
     </span>
    </p>
   </div>
   <div class='ocr_carea' id='block_1_13' title="bbox 993 1081 1729 1133">
    <p class='ocr_par' dir='ltr' id='par_1_14' title="bbox 993 1081 1729 1133">
     <span class='ocr_line' id='line_1_44' title="bbox 993 1081 1729 1133; baseline 0.007 -17"><span class='ocrx_word' id='word_1_245' title='bbox 993 1081 1182 1133; x_wconf 59' lang='lat' dir='ltr'>solebant,</span> <span class='ocrx_word' id='word_1_246' title='bbox 1212 1092 1283 1118; x_wconf 84' lang='lat' dir='ltr'>nec</span> <span class='ocrx_word' id='word_1_247' title='bbox 1311 1082 1437 1119; x_wconf 78' lang='lat' dir='ltr'>tamen</span> <span class='ocrx_word' id='word_1_248' title='bbox 1462 1092 1632 1129; x_wconf 76' lang='lat' dir='ltr'>cessare,</span> <span class='ocrx_word' id='word_1_249' title='bbox 1660 1087 1729 1121; x_wconf 79' lang='lat' dir='ltr'>sed</span> 
     </span>
    </p>
   </div>
   <div class='ocr_carea' id='block_1_14' title="bbox 994 1138 1794 1183">
    <p class='ocr_par' dir='ltr' id='par_1_15' title="bbox 994 1138 1794 1183">
     <span class='ocr_line' id='line_1_45' title="bbox 994 1138 1794 1183; baseline 0.006 -11"><span class='ocrx_word' id='word_1_250' title='bbox 994 1141 1134 1181; x_wconf 86' lang='lat' dir='ltr'>celare,</span> <span class='ocrx_word' id='word_1_251' title='bbox 1151 1148 1247 1183; x_wconf 62' lang='lat' dir='ltr'>quae</span> <span class='ocrx_word' id='word_1_252' title='bbox 1256 1139 1413 1183; x_wconf 68' lang='lat' dir='ltr'>scribat,</span> <span class='ocrx_word' id='word_1_253' title='bbox 1433 1138 1616 1174; x_wconf 72' lang='lat' dir='ltr'>existimo.</span> <span class='ocrx_word' id='word_1_254' title='bbox 1649 1143 1726 1177; x_wconf 85' lang='lat' dir='ltr'>Cic.</span> <span class='ocrx_word' id='word_1_255' title='bbox 1786 1155 1794 1161; x_wconf 72' lang='grc'><em>·</em></span> 
     </span>
    </p>
   </div>
   <div class='ocr_carea' id='block_1_15' title="bbox 993 1194 1727 1615">
    <p class='ocr_par' dir='ltr' id='par_1_16' title="bbox 993 1194 1726 1348">
     <span class='ocr_line' id='line_1_46' title="bbox 994 1194 1725 1236; baseline 0.001 -8"><span class='ocrx_word' id='word_1_256' title='bbox 994 1197 1039 1228; x_wconf 91' lang='lat' dir='ltr'>de</span> <span class='ocrx_word' id='word_1_257' title='bbox 1061 1197 1159 1229; x_wconf 83' lang='lat' dir='ltr'>Orat.</span> <span class='ocrx_word' id='word_1_258' title='bbox 1185 1197 1231 1228; x_wconf 92' lang='lat'>11.</span> <span class='ocrx_word' id='word_1_259' title='bbox 1256 1204 1287 1231; x_wconf 81' lang='lat' dir='ltr'>c.</span> <span class='ocrx_word' id='word_1_260' title='bbox 1311 1196 1343 1228; x_wconf 75' lang='grc'><strong>6.</strong></span> <span class='ocrx_word' id='word_1_261' title='bbox 1365 1203 1423 1227; x_wconf 85' lang='lat' dir='ltr'>me</span> <span class='ocrx_word' id='word_1_262' title='bbox 1440 1194 1515 1233; x_wconf 70' lang='lat' dir='ltr'>Jaeoc</span> <span class='ocrx_word' id='word_1_263' title='bbox 1527 1194 1649 1236; x_wconf 78' lang='lat' dir='ltr'>ipsum</span> <span class='ocrx_word' id='word_1_264' title='bbox 1662 1196 1725 1229; x_wconf 75' lang='lat' dir='ltr'>m·-</span> 
     </span>
     <span class='ocr_line' id='line_1_47' title="bbox 993 1250 1726 1293; baseline 0 -11"><span class='ocrx_word' id='word_1_265' title='bbox 993 1250 1049 1283; x_wconf 78' lang='grc' dir='ltr'>Ιιὶῑ</span> <span class='ocrx_word' id='word_1_266' title='bbox 1071 1259 1184 1293; x_wconf 71' lang='lat' dir='ltr'>ayere</span> <span class='ocrx_word' id='word_1_267' title='bbox 1203 1251 1248 1283; x_wconf 65' lang='grc' dir='ltr'>εἴ</span> <span class='ocrx_word' id='word_1_268' title='bbox 1254 1250 1371 1292; x_wconf 75' lang='lat' dir='ltr'>plane</span> <span class='ocrx_word' id='word_1_269' title='bbox 1386 1258 1537 1283; x_wconf 80' lang='lat' dir='ltr'>cessare</span> <span class='ocrx_word' id='word_1_270' title='bbox 1550 1250 1726 1284; x_wconf 70' lang='lat' dir='ltr'>delectat.</span> 
     </span>
     <span class='ocr_line' id='line_1_48' title="bbox 994 1307 1640 1348; baseline -0.006 -7"><span class='ocrx_word' id='word_1_271' title='bbox 994 1307 1100 1342; x_wconf 81' lang='lat' dir='ltr'>Conf.</span> <span class='ocrx_word' id='word_1_272' title='bbox 1123 1307 1233 1340; x_wconf 74' lang='lat' dir='ltr'>Trist.</span> <span class='ocrx_word' id='word_1_273' title='bbox 1255 1307 1324 1348; x_wconf 86' lang='lat' dir='ltr'>IV,</span> <span class='ocrx_word' id='word_1_274' title='bbox 1345 1307 1386 1348; x_wconf 74' lang='lat'>7,</span> <span class='ocrx_word' id='word_1_275' title='bbox 1407 1309 1440 1343; x_wconf 76' lang='lat'>5.</span> <span class='ocrx_word' id='word_1_276' title='bbox 1636 1344 1640 1346; x_wconf 15' lang='grc' dir='ltr'><strong>Ἴ</strong></span> 
     </span>
    </p>

    <p class='ocr_par' dir='ltr' id='par_1_17' title="bbox 993 1360 1727 1615">
     <span class='ocr_line' id='line_1_49' title="bbox 1004 1360 1726 1404; baseline -0.001 -8"><span class='ocrx_word' id='word_1_277' title='bbox 1004 1400 1005 1403; x_wconf 14' lang='lat'>¹</span> <span class='ocrx_word' id='word_1_278' title='bbox 1039 1362 1177 1404; x_wconf 74' lang='lat' dir='ltr'>Guelfi,</span> <span class='ocrx_word' id='word_1_279' title='bbox 1186 1361 1293 1402; x_wconf 63' lang='lat' dir='ltr'>neg„</span> <span class='ocrx_word' id='word_1_280' title='bbox 1306 1360 1446 1403; x_wconf 66' lang='lat' dir='ltr'>Berol„</span> <span class='ocrx_word' id='word_1_281' title='bbox 1457 1360 1582 1404; x_wconf 59' lang='lat' dir='ltr'>orem,</span> <span class='ocrx_word' id='word_1_282' title='bbox 1595 1361 1726 1395; x_wconf 74' lang='lat' dir='ltr'>Drasd-</span> 
     </span>
     <span class='ocr_line' id='line_1_50' title="bbox 994 1411 1726 1462; baseline 0 -12"><span class='ocrx_word' id='word_1_283' title='bbox 994 1418 1032 1450; x_wconf 88' lang='lat' dir='ltr'>et</span> <span class='ocrx_word' id='word_1_284' title='bbox 1056 1418 1112 1449; x_wconf 87' lang='lat' dir='ltr'>ed.</span> <span class='ocrx_word' id='word_1_285' title='bbox 1134 1425 1190 1462; x_wconf 28' lang='lat' dir='ltr'>pxr.</span> <span class='ocrx_word' id='word_1_286' title='bbox 1213 1423 1418 1458; x_wconf 53' lang='lat' dir='ltr'>cessarem„</span> <span class='ocrx_word' id='word_1_287' title='bbox 1437 1417 1515 1450; x_wconf 75' lang='lat' dir='ltr'>Pal.</span> <span class='ocrx_word' id='word_1_288' title='bbox 1539 1414 1583 1450; x_wconf 57' lang='lat'>1:</span> <span class='ocrx_word' id='word_1_289' title='bbox 1597 1411 1726 1460; x_wconf 68' lang='lat' dir='ltr'>cessa-</span> 
     </span>
     <span class='ocr_line' id='line_1_51' title="bbox 994 1471 1727 1520; baseline 0.004 -17"><span class='ocrx_word' id='word_1_290' title='bbox 994 1471 1071 1520; x_wconf 69' lang='lat' dir='ltr'>bat.</span> <span class='ocrx_word' id='word_1_291' title='bbox 1127 1472 1184 1503; x_wconf 91' lang='lat'>111</span> <span class='ocrx_word' id='word_1_292' title='bbox 1217 1473 1313 1513; x_wconf 79' lang='lat' dir='ltr'>apud</span> <span class='ocrx_word' id='word_1_293' title='bbox 1343 1473 1462 1505; x_wconf 78' lang='lat' dir='ltr'><strong>Bul-m.</strong></span> <span class='ocrx_word' id='word_1_294' title='bbox 1487 1471 1661 1514; x_wconf 55' lang='lat' dir='ltr'>pudoris.</span> <span class='ocrx_word' id='word_1_295' title='bbox 1681 1488 1727 1496; x_wconf 90' lang='lat'><em>-</em></span> 
     </span>
     <span class='ocr_line' id='line_1_52' title="bbox 993 1525 1725 1570; baseline -0.001 -9"><span class='ocrx_word' id='word_1_296' title='bbox 993 1528 1039 1561; x_wconf 87' lang='lat' dir='ltr'>V.</span> <span class='ocrx_word' id='word_1_297' title='bbox 1062 1527 1118 1561; x_wconf 78' lang='grc'><strong>27.</strong></span> <span class='ocrx_word' id='word_1_298' title='bbox 1147 1528 1255 1560; x_wconf 88' lang='lat' dir='ltr'>Bern.</span> <span class='ocrx_word' id='word_1_299' title='bbox 1279 1527 1381 1568; x_wconf 79' lang='lat' dir='ltr'>quod</span> <span class='ocrx_word' id='word_1_300' title='bbox 1402 1535 1473 1560; x_wconf 81' lang='lat' dir='ltr'>me.</span> <span class='ocrx_word' id='word_1_301' title='bbox 1528 1529 1637 1569; x_wconf 61' lang='lat' dir='ltr'>Crev-</span> <span class='ocrx_word' id='word_1_302' title='bbox 1659 1525 1725 1570; x_wconf 75' lang='lat' dir='ltr'>qui</span> 
     </span>
     <span class='ocr_line' id='line_1_53' title="bbox 993 1589 1061 1615; baseline 0 0"><span class='ocrx_word' id='word_1_303' title='bbox 993 1589 1061 1615; x_wconf 84' lang='lat' dir='ltr'>me.</span> 
     </span>
    </p>
   </div>
   <div class='ocr_carea' id='block_1_16' title="bbox 990 1673 1737 2600">
    <p class='ocr_par' dir='ltr' id='par_1_18' title="bbox 990 1673 1737 2600">
     <span class='ocr_line' id='line_1_54' title="bbox 1037 1673 1725 1718; baseline -0.003 -9"><span class='ocrx_word' id='word_1_304' title='bbox 1037 1677 1092 1710; x_wconf 85' lang='grc'><strong>28.</strong></span> <span class='ocrx_word' id='word_1_305' title='bbox 1124 1675 1251 1710; x_wconf 73' lang='lat' dir='ltr'>Facta</span> <span class='ocrx_word' id='word_1_306' title='bbox 1271 1673 1443 1708; x_wconf 72' lang='lat' dir='ltr'>remissa.</span> <span class='ocrx_word' id='word_1_307' title='bbox 1488 1675 1572 1709; x_wconf 77' lang='lat' dir='ltr'>Vat.</span> <span class='ocrx_word' id='word_1_308' title='bbox 1586 1675 1633 1718; x_wconf 82' lang='lat'>1.,</span> <span class='ocrx_word' id='word_1_309' title='bbox 1646 1675 1725 1709; x_wconf 85' lang='lat' dir='ltr'>Pol.</span> 
     </span>
     <span class='ocr_line' id='line_1_55' title="bbox 994 1731 1737 1774; baseline 0 -10"><span class='ocrx_word' id='word_1_310' title='bbox 994 1731 1042 1774; x_wconf 92' lang='grc'>1.,</span> <span class='ocrx_word' id='word_1_311' title='bbox 1065 1732 1180 1774; x_wconf 58' lang='lat' dir='ltr'>Goth,</span> <span class='ocrx_word' id='word_1_312' title='bbox 1210 1731 1288 1764; x_wconf 81' lang='lat' dir='ltr'>Pal.</span> <span class='ocrx_word' id='word_1_313' title='bbox 1311 1731 1343 1764; x_wconf 87' lang='grc'><strong>2.</strong></span> <span class='ocrx_word' id='word_1_314' title='bbox 1373 1733 1411 1764; x_wconf 89' lang='lat' dir='ltr'>et</span> <span class='ocrx_word' id='word_1_315' title='bbox 1432 1732 1468 1763; x_wconf 92' lang='grc' dir='ltr'>Π</span> <span class='ocrx_word' id='word_1_316' title='bbox 1496 1731 1561 1764; x_wconf 82' lang='lat' dir='ltr'>alii</span> <span class='ocrx_word' id='word_1_317' title='bbox 1582 1731 1737 1774; x_wconf 53' lang='lat' dir='ltr'>Heius,</span> 
     </span>
     <span class='ocr_line' id='line_1_56' title="bbox 993 1784 1727 1831; baseline -0.001 -11"><span class='ocrx_word' id='word_1_318' title='bbox 993 1787 1121 1820; x_wconf 88' lang='lat' dir='ltr'>Dresd.</span> <span class='ocrx_word' id='word_1_319' title='bbox 1144 1794 1167 1818; x_wconf 83' lang='lat' dir='ltr'>a</span> <span class='ocrx_word' id='word_1_320' title='bbox 1181 1784 1390 1828; x_wconf 74' lang='lat' dir='ltr'>1.m.facta</span> <span class='ocrx_word' id='word_1_321' title='bbox 1400 1786 1542 1820; x_wconf 79' lang='lat' dir='ltr'>secuta.</span> <span class='ocrx_word' id='word_1_322' title='bbox 1587 1786 1727 1831; x_wconf 69' lang='lat' dir='ltr'>Guelfi,</span> 
     </span>
     <span class='ocr_line' id='line_1_57' title="bbox 993 1838 1726 1889; baseline -0.003 -15"><span class='ocrx_word' id='word_1_323' title='bbox 993 1842 1146 1884; x_wconf 82' lang='lat' dir='ltr'>Bersm.,</span> <span class='ocrx_word' id='word_1_324' title='bbox 1169 1842 1208 1873; x_wconf 93' lang='lat'>11</span> <span class='ocrx_word' id='word_1_325' title='bbox 1227 1841 1291 1889; x_wconf 79' lang='lat' dir='ltr'>alii</span> <span class='ocrx_word' id='word_1_326' title='bbox 1312 1842 1439 1875; x_wconf 77' lang='lat' dir='ltr'>Heius.</span> <span class='ocrx_word' id='word_1_327' title='bbox 1461 1842 1499 1873; x_wconf 86' lang='lat' dir='ltr'>et</span> <span class='ocrx_word' id='word_1_328' title='bbox 1513 1841 1570 1873; x_wconf 86' lang='lat' dir='ltr'>ed.</span> <span class='ocrx_word' id='word_1_329' title='bbox 1580 1848 1637 1882; x_wconf 82' lang='lat' dir='ltr'>pr.</span> <span class='ocrx_word' id='word_1_330' title='bbox 1656 1838 1726 1882; x_wconf 73' lang='lat' dir='ltr'>fa-</span> 
     </span>
     <span class='ocr_line' id='line_1_58' title="bbox 994 1895 1726 1940; baseline -0.004 -10"><span class='ocrx_word' id='word_1_331' title='bbox 994 1898 1037 1930; x_wconf 83' lang='lat' dir='ltr'>ta</span> <span class='ocrx_word' id='word_1_332' title='bbox 1058 1897 1199 1930; x_wconf 83' lang='lat' dir='ltr'>secuta.</span> <span class='ocrx_word' id='word_1_333' title='bbox 1243 1897 1320 1930; x_wconf 80' lang='lat' dir='ltr'>Pal.</span> <span class='ocrx_word' id='word_1_334' title='bbox 1345 1897 1375 1930; x_wconf 91' lang='lat'>1.</span> <span class='ocrx_word' id='word_1_335' title='bbox 1382 1918 1399 1940; x_wconf 83' lang='lat'><em>,</em></span> <span class='ocrx_word' id='word_1_336' title='bbox 1429 1897 1556 1930; x_wconf 88' lang='lat' dir='ltr'>Dresd.</span> <span class='ocrx_word' id='word_1_337' title='bbox 1579 1903 1603 1927; x_wconf 77' lang='lat' dir='ltr'>a</span> <span class='ocrx_word' id='word_1_338' title='bbox 1623 1895 1656 1928; x_wconf 83' lang='grc'><strong>2.</strong></span> <span class='ocrx_word' id='word_1_339' title='bbox 1679 1904 1726 1928; x_wconf 86' lang='lat' dir='ltr'>m.</span> 
     </span>
     <span class='ocr_line' id='line_1_59' title="bbox 994 1949 1729 1994; baseline -0.005 -8"><span class='ocrx_word' id='word_1_340' title='bbox 994 1956 1032 1987; x_wconf 84' lang='lat' dir='ltr'>et</span> <span class='ocrx_word' id='word_1_341' title='bbox 1054 1953 1185 1994; x_wconf 84' lang='lat' dir='ltr'>reliqui</span> <span class='ocrx_word' id='word_1_342' title='bbox 1210 1953 1313 1985; x_wconf 87' lang='lat' dir='ltr'><strong>codd.</strong></span> <span class='ocrx_word' id='word_1_343' title='bbox 1342 1952 1382 1984; x_wconf 80' lang='lat' dir='ltr'>et</span> <span class='ocrx_word' id='word_1_344' title='bbox 1403 1952 1494 1985; x_wconf 81' lang='lat' dir='ltr'>vett.</span> <span class='ocrx_word' id='word_1_345' title='bbox 1517 1951 1596 1983; x_wconf 88' lang='lat' dir='ltr'>edd.</span> <span class='ocrx_word' id='word_1_346' title='bbox 1614 1949 1729 1993; x_wconf 76' lang='lat' dir='ltr'>facta</span> 
     </span>
     <span class='ocr_line' id='line_1_60' title="bbox 992 2007 1727 2049; baseline -0.004 -9"><span class='ocrx_word' id='word_1_347' title='bbox 992 2007 1120 2049; x_wconf 80' lang='lat' dir='ltr'>ruina,</span> <span class='ocrx_word' id='word_1_348' title='bbox 1144 2007 1212 2040; x_wconf 90' lang='lat' dir='ltr'>nisi</span> <span class='ocrx_word' id='word_1_349' title='bbox 1235 2008 1331 2049; x_wconf 86' lang='lat' dir='ltr'>quod</span> <span class='ocrx_word' id='word_1_350' title='bbox 1342 2007 1448 2040; x_wconf 84' lang='lat' dir='ltr'>Serv.</span> <span class='ocrx_word' id='word_1_351' title='bbox 1462 2014 1608 2047; x_wconf 79' lang='lat' dir='ltr'>poenae</span> <span class='ocrx_word' id='word_1_352' title='bbox 1627 2012 1727 2046; x_wconf 70' lang='lat' dir='ltr'>pare</span> 
     </span>
     <span class='ocr_line' id='line_1_61' title="bbox 994 2059 1727 2105; baseline -0.007 -9"><span class='ocrx_word' id='word_1_353' title='bbox 994 2063 1092 2096; x_wconf 81' lang='lat' dir='ltr'>bona</span> <span class='ocrx_word' id='word_1_354' title='bbox 1117 2063 1229 2105; x_wconf 77' lang='lat' dir='ltr'>facta</span> <span class='ocrx_word' id='word_1_355' title='bbox 1258 2069 1380 2102; x_wconf 78' lang='lat' dir='ltr'>meae,</span> <span class='ocrx_word' id='word_1_356' title='bbox 1414 2067 1519 2101; x_wconf 82' lang='lat' dir='ltr'>quam</span> <span class='ocrx_word' id='word_1_357' title='bbox 1547 2067 1669 2100; x_wconf 77' lang='lat' dir='ltr'>nuper</span> <span class='ocrx_word' id='word_1_358' title='bbox 1687 2059 1727 2092; x_wconf 83' lang='lat' dir='ltr'>in</span> 
     </span>
     <span class='ocr_line' id='line_1_62' title="bbox 993 2112 1726 2157; baseline -0.004 -6"><span class='ocrx_word' id='word_1_359' title='bbox 993 2120 1132 2151; x_wconf 84' lang='lat' dir='ltr'>textum</span> <span class='ocrx_word' id='word_1_360' title='bbox 1154 2116 1295 2156; x_wconf 83' lang='lat' dir='ltr'>recepit</span> <span class='ocrx_word' id='word_1_361' title='bbox 1316 2112 1479 2157; x_wconf 79' lang='lat' dir='ltr'>Merkel,</span> <span class='ocrx_word' id='word_1_362' title='bbox 1490 2114 1644 2147; x_wconf 72' lang='lat' dir='ltr'>ruinam</span> <span class='ocrx_word' id='word_1_363' title='bbox 1659 2122 1726 2148; x_wconf 84' lang='lat' dir='ltr'>ac-</span> 
     </span>
     <span class='ocr_line' id='line_1_63' title="bbox 993 2169 1727 2214; baseline -0.004 -8"><span class='ocrx_word' id='word_1_364' title='bbox 993 2174 1129 2214; x_wconf 85' lang='lat' dir='ltr'>cipiens</span> <span class='ocrx_word' id='word_1_365' title='bbox 1149 2179 1217 2213; x_wconf 87' lang='lat' dir='ltr'>pro</span> <span class='ocrx_word' id='word_1_366' title='bbox 1239 2169 1397 2212; x_wconf 85' lang='lat' dir='ltr'>homine,</span> <span class='ocrx_word' id='word_1_367' title='bbox 1412 2170 1472 2210; x_wconf 85' lang='lat' dir='ltr'>qui</span> <span class='ocrx_word' id='word_1_368' title='bbox 1492 2170 1634 2204; x_wconf 76' lang='lat' dir='ltr'>tulnam</span> <span class='ocrx_word' id='word_1_369' title='bbox 1656 2178 1727 2212; x_wconf 78' lang='lat' dir='ltr'>pa-</span> 
     </span>
     <span class='ocr_line' id='line_1_64' title="bbox 990 2215 1727 2266; baseline -0.004 -5"><span class='ocrx_word' id='word_1_370' title='bbox 990 2230 1091 2262; x_wconf 84' lang='lat' dir='ltr'>titur.</span> <span class='ocrx_word' id='word_1_371' title='bbox 1131 2227 1203 2260; x_wconf 90' lang='lat' dir='ltr'>Sed</span> <span class='ocrx_word' id='word_1_372' title='bbox 1222 2234 1348 2266; x_wconf 82' lang='lat' dir='ltr'>parum</span> <span class='ocrx_word' id='word_1_373' title='bbox 1369 2215 1727 2259; x_wconf 63' lang='lat' dir='ltr'>accommodata‘viss</span> 
     </span>
     <span class='ocr_line' id='line_1_65' title="bbox 993 2280 1727 2324; baseline -0.004 -7"><span class='ocrx_word' id='word_1_374' title='bbox 993 2285 1099 2316; x_wconf 83' lang='lat' dir='ltr'>detur</span> <span class='ocrx_word' id='word_1_375' title='bbox 1114 2290 1159 2314; x_wconf 92' lang='lat' dir='ltr'>ea</span> <span class='ocrx_word' id='word_1_376' title='bbox 1170 2282 1357 2322; x_wconf 80' lang='lat' dir='ltr'>scriptura</span> <span class='ocrx_word' id='word_1_377' title='bbox 1366 2281 1441 2313; x_wconf 89' lang='lat' dir='ltr'>loci</span> <span class='ocrx_word' id='word_1_378' title='bbox 1449 2281 1597 2324; x_wconf 74' lang='lat' dir='ltr'>r‘atIoni,</span> <span class='ocrx_word' id='word_1_379' title='bbox 1608 2280 1727 2314; x_wconf 75' lang='lat' dir='ltr'>etim-</span> 
     </span>
     <span class='ocr_line' id='line_1_66' title="bbox 991 2335 1726 2381; baseline -0.007 -9"><span class='ocrx_word' id='word_1_380' title='bbox 991 2338 1115 2381; x_wconf 76' lang='lat' dir='ltr'>primis</span> <span class='ocrx_word' id='word_1_381' title='bbox 1127 2337 1213 2370; x_wconf 83' lang='lat' dir='ltr'>voci</span> <span class='ocrx_word' id='word_1_382' title='bbox 1228 2337 1399 2376; x_wconf 73' lang='lat' dir='ltr'>exemplo</span> <span class='ocrx_word' id='word_1_383' title='bbox 1405 2348 1421 2377; x_wconf 90' lang='lat'>‚·</span> <span class='ocrx_word' id='word_1_384' title='bbox 1442 2344 1534 2378; x_wconf 83' lang='lat' dir='ltr'>quae</span> <span class='ocrx_word' id='word_1_385' title='bbox 1550 2335 1726 2377; x_wconf 75' lang='lat' dir='ltr'>postulat,</span> 
     </span>
     <span class='ocr_line' id='line_1_67' title="bbox 993 2389 1728 2439; baseline -0.007 -13"><span class='ocrx_word' id='word_1_386' title='bbox 993 2396 1032 2426; x_wconf 83' lang='lat' dir='ltr'>ut</span> <span class='ocrx_word' id='word_1_387' title='bbox 1047 2391 1182 2435; x_wconf 84' lang='lat' dir='ltr'>aliquid</span> <span class='ocrx_word' id='word_1_388' title='bbox 1199 2394 1388 2435; x_wconf 82' lang='lat' dir='ltr'>sequatur,</span> <span class='ocrx_word' id='word_1_389' title='bbox 1404 2392 1499 2433; x_wconf 85' lang='lat' dir='ltr'>quod</span> <span class='ocrx_word' id='word_1_390' title='bbox 1514 2391 1551 2424; x_wconf 82' lang='lat' dir='ltr'>in</span> <span class='ocrx_word' id='word_1_391' title='bbox 1564 2389 1728 2439; x_wconf 49' lang='lat' dir='ltr'>Perillae</span> 
     </span>
     <span class='ocr_line' id='line_1_68' title="bbox 993 2445 1724 2492; baseline -0.01 -10"><span class='ocrx_word' id='word_1_392' title='bbox 993 2450 1178 2492; x_wconf 78' lang='lat' dir='ltr'>potestate</span> <span class='ocrx_word' id='word_1_393' title='bbox 1199 2448 1312 2480; x_wconf 80' lang='lat' dir='ltr'>fuerit</span> <span class='ocrx_word' id='word_1_394' title='bbox 1322 2468 1338 2490; x_wconf 90' lang='lat'><strong><em>,</em></strong></span> <span class='ocrx_word' id='word_1_395' title='bbox 1367 2449 1406 2480; x_wconf 85' lang='lat' dir='ltr'>ut</span> <span class='ocrx_word' id='word_1_396' title='bbox 1429 2455 1450 2479; x_wconf 87' lang='lat' dir='ltr'>e</span> <span class='ocrx_word' id='word_1_397' title='bbox 1472 2457 1508 2479; x_wconf 84' lang='lat' dir='ltr'>v.</span> <span class='ocrx_word' id='word_1_398' title='bbox 1529 2445 1584 2478; x_wconf 84' lang='grc'><strong>29.</strong></span> <span class='ocrx_word' id='word_1_399' title='bbox 1607 2449 1724 2485; x_wconf 77' lang='lat' dir='ltr'>appa-</span> 
     </span>
     <span class='ocr_line' id='line_1_69' title="bbox 993 2501 1725 2544; baseline -0.008 -6"><span class='ocrx_word' id='word_1_400' title='bbox 993 2509 1062 2538; x_wconf 84' lang='lat' dir='ltr'>ret.</span> <span class='ocrx_word' id='word_1_401' title='bbox 1115 2504 1234 2537; x_wconf 83' lang='lat' dir='ltr'>Multo</span> <span class='ocrx_word' id='word_1_402' title='bbox 1276 2502 1540 2544; x_wconf 81' lang='lat' dir='ltr'>expeditionem</span> <span class='ocrx_word' id='word_1_403' title='bbox 1574 2501 1725 2533; x_wconf 81' lang='lat' dir='ltr'>senten-</span> 
     </span>
     <span class='ocr_line' id='line_1_70' title="bbox 993 2554 1723 2600; baseline -0.007 -9"><span class='ocrx_word' id='word_1_404' title='bbox 993 2560 1080 2592; x_wconf 88' lang='lat' dir='ltr'>tiam</span> <span class='ocrx_word' id='word_1_405' title='bbox 1101 2559 1254 2600; x_wconf 84' lang='lat' dir='ltr'>praebet</span> <span class='ocrx_word' id='word_1_406' title='bbox 1275 2558 1459 2598; x_wconf 83' lang='lat' dir='ltr'>scriptura</span> <span class='ocrx_word' id='word_1_407' title='bbox 1479 2556 1593 2598; x_wconf 77' lang='lat' dir='ltr'>prior.</span> <span class='ocrx_word' id='word_1_408' title='bbox 1633 2554 1723 2587; x_wconf 82' lang='lat' dir='ltr'>&#39;Sed</span> 
     </span>
    </p>
   </div>
   <div class='ocr_carea' id='block_1_17' title="bbox 992 2610 1790 2657">
    <p class='ocr_par' dir='ltr' id='par_1_19' title="bbox 992 2610 1790 2657">
     <span class='ocr_line' id='line_1_71' title="bbox 992 2610 1790 2657; baseline -0.004 -10"><span class='ocrx_word' id='word_1_409' title='bbox 992 2617 1129 2657; x_wconf 86' lang='lat' dir='ltr'>tamen,</span> <span class='ocrx_word' id='word_1_410' title='bbox 1154 2623 1234 2646; x_wconf 90' lang='lat' dir='ltr'>cum</span> <span class='ocrx_word' id='word_1_411' title='bbox 1257 2613 1377 2645; x_wconf 83' lang='lat' dir='ltr'>omnia</span> <span class='ocrx_word' id='word_1_412' title='bbox 1399 2612 1432 2644; x_wconf 83' lang='lat' dir='ltr'>h.</span> <span class='ocrx_word' id='word_1_413' title='bbox 1446 2612 1472 2645; x_wconf 91' lang='lat'>1.</span> <span class='ocrx_word' id='word_1_414' title='bbox 1485 2611 1626 2644; x_wconf 80' lang='lat' dir='ltr'>incerta</span> <span class='ocrx_word' id='word_1_415' title='bbox 1636 2610 1725 2652; x_wconf 86' lang='lat' dir='ltr'>sint,</span> <span class='ocrx_word' id='word_1_416' title='bbox 1776 2638 1790 2644; x_wconf 83' lang='lat'>-</span> 
     </span>
    </p>
   </div>
   <div class='ocr_carea' id='block_1_18' title="bbox 991 2666 1726 2929">
    <p class='ocr_par' dir='ltr' id='par_1_20' title="bbox 991 2666 1726 2929">
     <span class='ocr_line' id='line_1_72' title="bbox 991 2666 1726 2710; baseline -0.007 -8"><span class='ocrx_word' id='word_1_417' title='bbox 991 2670 1128 2702; x_wconf 84' lang='lat' dir='ltr'>Mureti</span> <span class='ocrx_word' id='word_1_418' title='bbox 1148 2668 1411 2710; x_wconf 80' lang='lat' dir='ltr'>coniecturam,</span> <span class='ocrx_word' id='word_1_419' title='bbox 1426 2674 1516 2708; x_wconf 80' lang='lat' dir='ltr'>quae</span> <span class='ocrx_word' id='word_1_420' title='bbox 1533 2674 1629 2698; x_wconf 87' lang='lat' dir='ltr'>nunc</span> <span class='ocrx_word' id='word_1_421' title='bbox 1642 2666 1726 2698; x_wconf 79' lang='lat' dir='ltr'>fere</span> 
     </span>
     <span class='ocr_line' id='line_1_73' title="bbox 991 2719 1724 2766; baseline -0.005 -10"><span class='ocrx_word' id='word_1_422' title='bbox 991 2732 1061 2764; x_wconf 85' lang='lat' dir='ltr'>pro</span> <span class='ocrx_word' id='word_1_423' title='bbox 1091 2723 1245 2766; x_wconf 81' lang='lat' dir='ltr'>vulgata</span> <span class='ocrx_word' id='word_1_424' title='bbox 1273 2725 1311 2756; x_wconf 86' lang='lat' dir='ltr'>et</span> <span class='ocrx_word' id='word_1_425' title='bbox 1339 2723 1386 2754; x_wconf 76' lang='lat' dir='ltr'>ad</span> <span class='ocrx_word' id='word_1_426' title='bbox 1414 2729 1559 2754; x_wconf 84' lang='lat' dir='ltr'>sensum</span> <span class='ocrx_word' id='word_1_427' title='bbox 1582 2719 1724 2761; x_wconf 82' lang='lat' dir='ltr'>quidem</span> 
     </span>
     <span class='ocr_line' id='line_1_74' title="bbox 992 2774 1723 2820; baseline -0.003 -10"><span class='ocrx_word' id='word_1_428' title='bbox 992 2777 1081 2810; x_wconf 87' lang='lat' dir='ltr'>satis</span> <span class='ocrx_word' id='word_1_429' title='bbox 1110 2778 1199 2818; x_wconf 81' lang='lat' dir='ltr'>apta</span> <span class='ocrx_word' id='word_1_430' title='bbox 1220 2779 1298 2820; x_wconf 82' lang='lat' dir='ltr'>est,</span> <span class='ocrx_word' id='word_1_431' title='bbox 1330 2776 1555 2810; x_wconf 76' lang='lat' dir='ltr'>retinendam</span> <span class='ocrx_word' id='word_1_432' title='bbox 1584 2774 1723 2816; x_wconf 78' lang='lat' dir='ltr'>putavi.</span> 
     </span>
     <span class='ocr_line' id='line_1_75' title="bbox 992 2834 1724 2873; baseline -0.005 -7"><span class='ocrx_word' id='word_1_433' title='bbox 992 2849 1037 2855; x_wconf 94' lang='lat'>--</span> <span class='ocrx_word' id='word_1_434' title='bbox 1057 2834 1153 2865; x_wconf 83' lang='lat' dir='ltr'>Mor.</span> <span class='ocrx_word' id='word_1_435' title='bbox 1183 2841 1252 2873; x_wconf 80' lang='lat' dir='ltr'>pro</span> <span class='ocrx_word' id='word_1_436' title='bbox 1281 2842 1318 2865; x_wconf 83' lang='lat' dir='ltr'>v.</span> <span class='ocrx_word' id='word_1_437' title='bbox 1345 2839 1419 2864; x_wconf 86' lang='lat' dir='ltr'>scr.</span> <span class='ocrx_word' id='word_1_438' title='bbox 1449 2837 1550 2864; x_wconf 71' lang='lat' dir='ltr'>nunc</span> <span class='ocrx_word' id='word_1_439' title='bbox 1580 2835 1724 2871; x_wconf 71' lang='lat' dir='ltr'>quoquc</span> 
     </span>
     <span class='ocr_line' id='line_1_76' title="bbox 992 2887 1218 2929; baseline -0.004 -7"><span class='ocrx_word' id='word_1_440' title='bbox 992 2887 1044 2922; x_wconf 78' lang='lat' dir='ltr'>sit</span> <span class='ocrx_word' id='word_1_441' title='bbox 1062 2895 1218 2929; x_wconf 80' lang='lat' dir='ltr'>poenae.</span> 
     </span>
    </p>
   </div>
  </div>
 </body>
</html>
