1846 3146
576 223 707 274 Lm.
739 223 832 274 111.
883 220 1086 274 ELEG.
1118 221 1236 273 vn.

1571 224 1671 276 281

150 346 267 398 Nec
298 346 455 398 breve
485 359 582 396 nec
611 348 764 395 tutum
789 349 883 406 est,
917 361 1014 410 quo
1046 334 1145 396 sint
1175 360 1298 408 mea,
1329 344 1515 408 dicere,
1550 361 1671 397 casu

186 478 191 483 ,
216 429 423 495 Lumina
454 429 639 479 funesti
671 430 872 479 conscia
903 427 1037 478 facta
1067 429 1208 491 mali;
1236 430 1243 433 ’

149 512 391 578 Mensque
422 510 724 572 reformidat,
758 510 917 560 veluti
948 527 1039 560 sua
1070 511 1295 573 vulnera,
1331 516 1519 580 tempus

215 593 365 656 Illud,
401 598 453 644 et
483 593 730 644 admonitu
761 593 817 643 fit
847 609 1009 644 novus
1041 595 1151 660 ipse
1190 593 1362 657 dolor3

1607 595 1674 647 30

149 661 218 726 Et
249 691 578 742 quaecumque
609 675 737 726 adeo
768 681 975 742 possunt
1006 670 1183 726 afferre
1221 677 1473 745 pudorem,

214 759 314 810 Illa
345 761 450 824 tegi
483 773 634 809 caeca
667 758 866 808 condita
897 763 1044 809 noete
1080 758 1240 810 decet.

149 842 243 892 Nil
274 843 424 907 igitur
454 841 680 901 referam,
716 843 810 889 nisi
842 857 919 891 me
950 857 1204 909 peccasse,
1239 842 1333 893 sed
1364 843 1456 894 illo

167 979 172 982 ,
214 924 440 974 Praemia
471 930 679 992 peccato
714 924 851 975 nulla
883 927 1038 990 petita
1067 925 1207 987 mihi3
1482 926 1487 928 “

147 1005 511 1073 Stultitiamque
542 1023 696 1057 meum
730 1001 912 1058 crimen
947 1007 1130 1057 debere
1163 1011 1353 1070 vocari,

1606 1002 1720 1061 35*

215 1089 427 1140 Nomina
457 1091 503 1140 si
535 1089 670 1141 facto
685 1135 687 1137 .
703 1090 917 1144 reddere
952 1105 1075 1142 vera
1107 1090 1252 1141 velis.

190 1253 247 1289 26.
281 1252 424 1286 Error.
476 1253 558 1287 Vid.
587 1255 666 1297 111,
692 1258 733 1298 5,
760 1256 815 1289 49.
838 1258 877 1290 et

145 1308 222 1339 not.
244 1308 291 1340 ad
314 1310 347 1350 1,
368 1309 405 1351 2,
428 1309 484 1342 99.
505 1325 551 1332 --
571 1311 636 1343 Ed.
654 1320 726 1352 pr„
741 1312 876 1355 Guelfi,

146 1362 247 1405 seg„
268 1364 359 1406 Beg.
381 1366 420 1396 et
440 1365 511 1396 vn
533 1364 595 1396 alii
618 1366 741 1398 Heius.
759 1366 875 1406 prin-

145 1414 341 1456 cipiumve.
385 1417 530 1451 Pirckh.
553 1421 592 1452 et
611 1421 707 1455 Mor.
724 1421 875 1463 prinoi-

67 1481 70 1484 ·
143 1470 250 1512 piam
269 1471 407 1506 nostri.

189 1548 246 1581 8⁷.
278 1547 363 1582 Nec
384 1548 507 1583 breve.
559 1551 658 1584 Gott.
688 1559 758 1585 nec
782 1553 874 1586 leve.

143 1601 253 1636 Bene.
297 1602 445 1638 Emvs.
505 1606 681 1646 Optimam
713 1609 875 1650 scriptu-

145 1666 225 1691 ram
265 1659 419 1692 omnium
451 1659 629 1694 librorum
662 1670 732 1694 nec
763 1662 876 1696 breve

103 1727 107 1729 ·
145 1715 410 1748 revocavimus.
461 1715 536 1748 Est
565 1717 736 1758 permulti
766 1719 875 1751 omit-

145 1769 244 1801 tunt:
300 1769 378 1802 Pal.
415 1770 469 1813 1.,
513 1772 635 1805 ΰηιοῑί.
672 1781 696 1806 a
737 1773 768 1806 1.
814 1783 874 1817 m.,

145 1823 262 1865 Beg.,
296 1823 414 1867 Gan„
449 1826 571 1870 Serv„
602 1829 725 1872 Bern.,
759 1831 874 1874 Leid.,

145 1878 217 1911 ΧΠ
238 1878 302 1911 alii
323 1879 445 1912 llein‘s.
467 1883 506 1913 et
526 1882 655 1926 Berol2

188 1954 245 1987 30.
276 1953 480 1990 Admonitu
497 1956 546 2000 fit
565 1967 686 1992 novus
705 1960 788 2003 ipse
804 1963 874 1996 do-

144 2008 221 2041 lor.
265 2011 343 2043 Pal.
364 2012 418 2054 1.,
450 2013 536 2046 Vat.
559 2014 606 2058 1.,
629 2018 725 2050 Mor.
746 2027 815 2059 pro
837 2028 873 2051 v.

142 2073 218 2098 scr.
240 2067 279 2098 et
300 2067 337 2098 11
358 2067 422 2099 alii
440 2069 580 2108 pudor.
624 2069 730 2113 Quod
751 2073 783 2105 si
805 2075 874 2106 ad-

142 2120 337 2164 mittamus,
357 2130 513 2164 sequens
542 2125 720 2159 distichon
743 2127 873 2160 delen-

144 2175 226 2206 dum
257 2176 349 2218 erit,
385 2180 480 2218 quod
512 2187 586 2212 non
619 2189 692 2214 uno
727 2183 872 2215 nomine

144 2232 350 2270 suspectum
372 2234 444 2265 oet:
468 2233 506 2266 in
529 2243 599 2274 quo
620 2238 781 2275 possunt
802 2246 870 2278 pro

143 2283 293 2324 possint
312 2286 389 2318 Pal.
412 2287 443 2320 1.
466 2290 503 2320 et
524 2290 558 2321 X
580 2289 642 2321 alii
665 2293 763 2328 (cum
778 2295 869 2324 vett.

142 2339 224 2370 edd.
237 2340 275 2371 et
290 2340 566 2386 Ciof.scriptis),
580 2347 616 2376 et
640 2353 756 2378 caeca
777 2347 873 2380 nube

142 2401 213 2433 pro
235 2394 345 2426 nocte
372 2397 466 2433 (Pal,
490 2399 520 2431 1.
529 2422 543 2441 ,
568 2390 729 2443 ‘Ber-sm„
758 2404 872 2446 Busl.,

144 2448 310 2492 Pirckh.,
340 2451 458 2493 Leid.,
488 2455 598 2496 Mon,
628 2457 708 2489 Bel.
738 2466 806 2498 pro
836 2469 872 2490 v.

141 2512 216 2536 scr.
240 2507 278 2536 et
300 2505 354 2537 [v
375 2506 466 2544 alii.)
503 2508 650 2542 Hanvs.
694 2513 756 2544 Ne
774 2514 871 2546 diffi-

143 2559 300 2592 cultates
324 2562 538 2605 excitemus,
560 2564 620 2596 ubi
642 2566 765 2598 nullae
775 2572 869 2601 sunt.

142 2615 242 2648 Duas
266 2623 415 2648 caussas
436 2617 596 2659 profert,
619 2627 685 2651 cur
703 2621 872 2656 delictum

141 2668 235 2702 illud
255 2671 428 2710 reticeat:
461 2672 627 2714 primam,
660 2676 755 2715 quod
781 2684 871 2708 nar-

142 2725 240 2758 ratio
263 2725 427 2759 dolorem
448 2736 552 2759 suum
573 2732 744 2772 renovet,
767 2731 870 2764 dein-

143 2779 204 2821 de,
227 2781 321 2820 quod
342 2782 508 2825 pudenda
529 2783 709 2815 occultari
731 2784 869 2817 deceat.

144 2832 269 2866 Dolor
289 2835 401 2878 igitur
424 2836 602 2878 integrum
625 2841 696 2880 est,
715 2841 753 2871 et
777 2848 871 2880 quo-a

144 2887 215 2922 ties
245 2888 316 2923 ista
343 2891 526 2926 sententia
560 2895 655 2935 apud
688 2895 868 2929 Nasonem

940 1254 1054 1288 redit!
1086 1252 1195 1287 Nube
1217 1254 1382 1287 mendum
1395 1253 1540 1288 videtur
1555 1254 1672 1289 libra-

940 1308 1100 1352 riorum,
1128 1311 1176 1342 ad
1208 1319 1313 1352 qnam
1342 1311 1590 1351 corruptelam
1613 1311 1674 1343 fa-

941 1363 1014 1396 cile
1036 1365 1192 1398 ducebat
1213 1366 1408 1399 similitudo
1431 1369 1469 1399 et
1482 1366 1675 1398 literarum

941 1421 979 1451 et
1014 1419 1310 1463 significationis3‘
1340 1424 1444 1454 certe
1476 1424 1675 1465 secretum,

939 1474 1085 1515 penitus
1108 1476 1379 1519 occultandum,
1402 1477 1540 1510 rectius
1558 1484 1675 1508 caeca

940 1530 1051 1562 nocte
1084 1538 1154 1562 nos
1192 1531 1318 1587 teyere
1350 1531 1522 1574 dicimus,
1568 1539 1675 1573 quam

941 1593 1058 1618 caeca
1084 1585 1202 1626 nube5
1241 1587 1293 1619 uti
1321 1588 1432 1620 etiam
1462 1595 1579 1619 caeca
1609 1595 1675 1620 re-
1727 1596 1730 1598 ’

941 1641 1035 1673 etius
1064 1641 1168 1683 nocti
1198 1650 1302 1683 quam
1330 1641 1422 1675 nabi
1451 1642 1613 1683 iungitur
1636 1641 1675 1674 in

941 1696 1007 1727 tali
1025 1696 1165 1737 quidem
1179 1696 1323 1729 ratione
1335 1697 1550 1730 sententiae.
1572 1696 1673 1729 Pos-

938 1746 1029 1783 eunt
1059 1755 1179 1784 utrum
1210 1752 1395 1785 scribatur
1429 1760 1478 1785 an
1514 1751 1674 1794 possint,

940 1807 993 1839 nil
1015 1808 1151 1848 refert3
1180 1807 1249 1840 msi
1272 1809 1368 1849 quod
1386 1806 1537 1849 possint
1556 1808 1673 1841 minus

941 1862 1088 1895 definite
1110 1862 1246 1896 dictum
1266 1865 1335 1896 oet.
1468 1858 1473 1866 '

983 1949 1037 1982 31.
1070 1949 1186 1983 Adeo.
1231 1950 1314 1984 Vid.
1336 1952 1382 1983 ad
1405 1951 1476 1992 111,
1499 1950 1535 1993 1,
1554 1950 1609 1984 77.
1628 1968 1675 1976 -

938 2005 1025 2038 Vat.
1047 2005 1079 2038 1.
1099 2014 1230 2047 quaec.
1253 2007 1298 2038 at
1320 2015 1374 2038 eo.
1420 2007 1527 2039 Serv.
1544 2014 1670 2048 quaec.

938 2061 1019 2094 deo.
1064 2062 1141 2094 Pal.
1159 2062 1190 2094 1.
1209 2061 1246 2093 et
1259 2061 1514 2102 quodcunque.
1563 2064 1671 2096 Rern.

939 2116 1119 2148 dolorem.
1164 2117 1210 2150 V.
1235 2118 1288 2149 32.
1315 2117 1390 2149 Pal.
1416 2116 1447 2149 1.
1471 2117 1614 2158 decent,
1634 2119 1672 2149 et

939 2180 975 2202 v.
998 2171 1052 2203 33.
1077 2171 1174 2203 Gall.
1198 2172 1340 2214 refero.

983 2254 1037 2289 34.
1080 2257 1188 2290 Mihi.
1251 2260 1347 2291 Busl.
1384 2262 1422 2292 et
1450 2267 1532 2292 exc.
1562 2259 1672 2293 Voss.

936 2319 1029 2344 meo.
1075 2314 1172 2346 Gall.
1195 2315 1305 2346 nulla
1323 2314 1445 2357 fuere.

982 2401 1036 2433 36.
1058 2395 1204 2433 Facto?
1239 2401 1302 2434 Sic
1316 2403 1372 2435 VI
1385 2402 1521 2444 Heius„
1534 2403 1672 2445 Guelf„

938 2456 1060 2498 Rern„
1082 2457 1180 2499 Rel.,
1201 2457 1323 2489 Berol.
1344 2474 1389 2480 —
1411 2458 1512 2490 vett.
1532 2460 1611 2491 edd.
1635 2463 1674 2492 et

941 2512 1043 2543 multi
1066 2513 1170 2544 codd.
1190 2510 1325 2552 factis,
1349 2514 1389 2544 ut
1413 2515 1450 2544 11
1473 2513 1548 2547 148.
1593 2515 1673 2547 Pal.

937 2566 970 2598 2.
993 2567 1091 2608 fato.
1129 2567 1276 2600 Pirckh.
1291 2565 1389 2608 fatis
1410 2568 1563 2602 addere.
1593 2572 1670 2604 Pal.

938 2620 984 2662 1.,
1013 2621 1122 2654 Crev.
1146 2621 1300 2653 nomina
1328 2621 1361 2653 si
1382 2620 1486 2664 ficto.
1531 2626 1670 2658 Bersm.

936 2675 1090 2708 nomina
1111 2676 1167 2708 sic
1185 2675 1289 2718 ficto.
1349 2678 1437 2710 XVI
1465 2680 1604 2722 Heius„
1632 2681 1672 2713 in

935 2730 991 2762 his
1012 2731 1107 2779 put,
1129 2732 1286 2774 Franc.,
1319 2740 1402 2764 exc.
1425 2734 1552 2776 Voss„
1576 2736 1672 2767 Busl.

935 2781 1084 2819 nomin‘e
1115 2785 1150 2818 si
1174 2785 1278 2828 ficto.
1328 2789 1407 2820 Pal.
1437 2789 1467 2821 1.
1475 2810 1491 2830 ,
1520 2790 1599 2821 Pol.
1623 2791 1672 2831 2.,

935 2840 1025 2882 Reg-
1047 2842 1209 2875 reddere
1229 2842 1358 2875 verba.
1412 2845 1497 2886 seg.
1522 2844 1671 2879 nomine

934 2893 970 2926 si
991 2903 1082 2929 vero
1104 2897 1267 2932 reddere
1287 2898 1405 2938 verba
1430 2897 1535 2934 velis.
