1846 3146
584 170 715 220 LIB.
748 170 790 219 1.
850 167 1054 218 ELEG.
1087 169 1179 217 ΠΙ.

1580 167 1646 216 '73

122 264 371 358 Egredior
405 293 543 352 (sive
575 291 702 340 illud
735 296 840 340 erat
873 292 981 339 sine
1012 290 1189 340 fimere
1222 291 1371 354 ferri)

189 373 458 440 Squalidus
490 375 712 423 immissis
743 373 871 423 hirta
901 389 992 440 per
1025 389 1113 422 ora
1146 371 1310 419 comis.

1582 370 1648 419 90

121 457 220 506 Illa
251 456 425 506 dolore
455 472 629 505 amens-
648 457 861 506 tenebris
895 460 1117 504 narratur
1146 451 1332 501 obortis

83 543 85 545 ’
190 537 499 589 Semianimis
532 538 692 588 media
722 539 1042 605 procubuisse
1077 535 1245 595 dom03

127 621 289 686 thue
319 623 588 670 resurrexit
620 620 834 670 foedatis
867 620 1076 687 pulvere
1111 618 1241 682 turpi

189 687 434 763 Crinibus,
469 707 520 751 et
552 702 723 767 gelida
754 704 965 754 membra
986 702 1180 751 levavit
1204 699 1373 748 humo:

122 829 271 867 limile.
308 842 340 867 ο.
377 834 407 867 1.
422 856 438 877 ,
480 834 635 876 interpp.
666 838 713 869 ad
729 824 848 882 Caes.

79 909 85 917 -
120 891 161 922 Β.
182 890 226 923 G.
248 891 294 923 V.
318 898 349 922 c.
372 890 443 932 81„
466 891 553 922 ner.
569 892 638 933 IV,
654 892 723 934 14„
744 893 847 925 Pont.

120 945 154 986 1,
174 945 213 987 2,
234 944 289 978 48.
414 940 417 941 ⁷
472 945 474 947 ’
623 961 629 967 ·

118 998 128 1006 ”
165 1009 220 1041 89.
253 1008 344 1043 Siue
363 1010 521 1054 funere,
545 1000 847 1051 interpretantur:

119 1062 200 1095 sine
229 1064 325 1100 omni
353 1074 486 1107 pompa
512 1065 657 1098 funebri
685 1065 786 1108 sive,
810 1067 849 1097 ut

119 1121 178 1154 est
199 1121 288 1160 Met.
310 1121 403 1163 vll,
434 1122 532 1163 606„
561 1118 678 1152 nauis
696 1119 849 1163 scenni-

120 1172 208 1214 we,·
241 1178 351 1216 atque
380 1182 427 1208 eo
461 1183 571 1208 sensu
606 1176 696 1209 haec
734 1177 850 1209 verba

123 1227 297 1270 leguntur
319 1230 417 1262 infra
438 1231 504 1271 m,
527 1231 564 1273 3,
587 1231 641 1264 45.

183 1289 246 1329 Sed
265 1290 331 1320 sino
349 1290 504 1321 funeribus
519 1296 609 1328 eaput
622 1294 690 1328 boc,
708 1294 775 1322 sine
792 1278 849 1323 boss

452 1372 455 1373 ⁷
512 1344 587 1365 nore
605 1338 736 1373 sepulcri

159 1372 166 1386 ¹
200 1383 205 1387 ⁵
222 1377 459 1414 ‘Indeploratum
476 1380 604 1409 barbara
623 1384 704 1409 terra
722 1384 814 1417 teget.

119 1437 194 1469 Sed
227 1444 297 1478 ego
327 1438 444 1470 verba
472 1437 553 1471 sine
585 1439 722 1484 fugere
748 1440 851 1483 ferri

118 1492 241 1525 malini
270 1493 495 1535 intelligere:
532 1494 702 1535 quamvis
735 1504 850 1528 essem

117 1546 236 1589 vivus,
259 1547 403 1590 efferri,
426 1550 589 1582 omnibus
611 1550 756 1583 scilicet
771 1559 849 1582 ma-

106 1599 191 1645 'gno
213 1603 338 1646 luctu,
368 1606 409 1636 ut
436 1605 544 1636 funus
567 1607 769 1646 procedere
790 1606 849 1638 vi-

119 1651 283 1700 deretur,
304 1659 553 1699 sequentibus:
584 1663 624 1692 ut
646 1661 764 1702 figura
785 1662 848 1703 sit,

119 1721 224 1756 quam
235 1714 371 1746 Graeci
385 1710 525 1756 πλοκήῐι
538 1716 742 1758 appellant,
753 1718 848 1756 quod

117 1777 234 1810 genus
274 1769 432 1801 Nasonis
471 1770 627 1802 acumini
665 1770 848 1811 placuisse

119 1826 275 1857 constat.
320 1824 447 1856 Manu.
470 1826 620 1856 Astron.
643 1825 693 1867 V,
717 1826 793 1858 548.

182 1885 318 1922 Virginis
342 1887 374 1913 et
394 1885 483 1914 vivae
506 1885 623 1957 {apitur
647 1887 714 1916 sine
740 1887 846 1917 funere

526 1937 604 1957 unus
623 1944 658 1949 —-

119 1988 224 2023 cnut
247 1988 352 2021 pont.
374 1989 426 2029 11,
448 1988 492 2033 ³„
507 1988 556 2030 3.,
587 1978 686 2020 Met.
699 1989 750 2020 xl
770 1988 846 2021 τοι.

118 2044 282 2077 Iudicent
303 2041 430 2083 periti.¹
467 2041 585 2074 Ferri
601 2047 722 2076 antem
736 2046 773 2077 et
787 2045 847 2087 ef-
872 2070 874 2072 .

115 2098 240 2141 ferri,
272 2105 346 2130 nou
382 2097 504 2131 addito
534 2098 642 2141 loco,
680 2099 777 2131 unde
811 2103 848 2132 et

121 2160 214 2195 quo,
235 2152 274 2184 in
301 2152 370 2184 hac
399 2159 441 2183 re
464 2153 652 2193 proprium
676 2158 751 2197 est3
775 2165 846 2196 quo

118 2209 225 2239 modo
248 2207 383 2240 Graeci
407 2201 572 2248 ἐκφέρειν
595 2209 729 2241 dicunt.
773 2211 847 2242 Te-

118 2251 211 2296 reni.
233 2255 344 2295 Andr.
365 2263 399 2304 1,
422 2262 464 2304 1,
488 2263 542 2295 oo.
564 2263 681 2304 ibique
703 2265 847 2298 Ruhnk.

121 2334 164 2340 —-
185 2317 316 2358 Serv„
346 2317 467 2354 Berol.
497 2319 535 2349 et
563 2318 691 2350 Dresd.
721 2328 789 2360 pro
811 2329 846 2351 v.

117 2381 190 2405 scr.
223 2379 308 2404 cum
334 2368 481 2414 suffere.
531 2373 612 2405 Bel.
646 2372 726 2406 sine
760 2375 847 2406 vul-
904 2384 912 2390 ·

117 2436 222 2460 nere.
267 2427 328 2459 Fr.
351 2427 442 2459 Rev.
466 2426 552 2459 erit.

163 2494 218 2526 90.
254 2492 382 2532 Hirta.
427 2493 532 2527 Conf.
554 2495 586 2536 1,
610 2494 646 2536 1,
669 2496 740 2528 12.1

163 2558 218 2591 91.
253 2557 417 2590 Obortis.
463 2559 525 2592 Sic
548 2561 691 2604 Dresd.,
710 2562 847 2603 Guelt,

118 2608 247 2657 Bern„
276 2614 357 2647 Rel.
381 2617 418 2646 et
441 2616 496 2646 ed.
520 2616 678 2658 Bonon.,
711 2619 748 2648 et
770 2616 847 2649 sine

119 2669 226 2701 dubio
261 2670 368 2701 etiam
398 2670 500 2706 multi
533 2671 727 2703 Heinsiani.
774 2672 847 2703 Sed

119 2723 263 2763 plurimi
299 2732 379 2756 cum
419 2727 510 2756 vett.
555 2725 633 2757 edd.
678 2725 843 2765 abor-tis,-

7 2773 49 2830 ζ’,
118 2778 270 2810 solemni
291 2788 431 2811 errore.
476 2781 568 2811 'l'res
585 2780 843 2813 Heinsdacri-

102 2825 237 2864 ⁴mis—-
249 2833 402 2866 obortis.
447 2835 532 2866 Her.
555 2837 654 2876 xm,
679 2837 730 2868 23.

980 831 1045 859 Lux
1070 837 1190 866 quoque
1216 834 1314 858 tecum
1339 830 1420 863 abit,
1455 831 1648 866 tenebrisque

921 879 923 881 ·
1311 873 1475 909 exsanguis
1494 874 1610 902 obortis

1031 917 1181 961 Succiduo
1199 918 1284 946 dicor
1300 919 1497 953 procubuisse
1515 926 1605 953 genu.

916 989 994 1020 Art.
1017 989 1061 1020 A.
1085 989 1135 1030 11,
1157 988 1212 1020 87.

981 1070 989 1077 .
1008 1070 1016 1077 .
1036 1070 1044 1077 .
1063 1058 1123 1078 nox
1141 1049 1238 1078 oculis
1256 1050 1339 1078 venit
1363 1052 1468 1079 oborta
1487 1054 1568 1079 metu
1583 1067 1618 1072 —

914 1109 1009 1150 quod
1033 1110 1089 1140 est
1111 1108 1212 1139 Hom.
1227 1104 1358 1146 σκότος
1370 1102 1453 1142 ὄσσε
1473 1106 1647 1150 κάλυψεν.

915 1164 1020 1198 Cous.
1043 1164 1132 1196 Met.
1155 1163 1206 1204 11,
1231 1162 1328 1196 181.·
1350 1165 1466 1197 Poeta
1481 1165 1649 1197 notiones

915 1222 954 1252 et
980 1220 1086 1260 signa
1118 1217 1317 1250 deficientis
1358 1219 1538 1261 cumulat,
1578 1227 1649 1260 quo

914 1275 1075 1316 pertinet
1096 1273 1205 1305 etiam
1227 1273 1318 1305 illud
1338 1273 1470 1316 gelida
1491 1285 1526 1307 v.
1552 1275 1608 1307 94.

959 1341 1084 1382 Lem„
1114 1347 1195 1372 exc.
1224 1341 1332 1373 Voss.
1339 1362 1355 1383 ,
1389 1343 1486 1374 Mor.
1520 1349 1589 1382 pro
1612 1349 1648 1372 v.

917 1404 989 1428 scr.
1002 1417 1017 1438 ,
1068 1394 1236 1437 Pirckli.,
1290 1395 1387 1427 Busl.
1425 1399 1462 1427 et
1495 1395 1549 1427 IV
1587 1394 1650 1426 alii

918 1452 1063 1494 Heius„
1092 1451 1234 1494 Berol.,
1270 1452 1395 1493 Crev„
1417 1450 1497 1482 Rel.
1520 1457 1589 1490 pro
1613 1458 1649 1480 v.

916 1517 989 1541 scr.
1013 1509 1147 1539 dolore
1168 1514 1328 1547 yemens.
1387 1507 1492 1537 Bern.
1517 1505 1651 1536 dolore

918 1571 1068 1595 canens.
1115 1564 1267 1604 Dresd.,
1297 1571 1319 1593 a
1343 1562 1374 1593 1.
1398 1570 1466 1603 m.‚
1503 1560 1582 1591 Put.
1613 1560 1651 1590 et

917 1620 951 1650 Π
990 1619 1053 1650 alii
1090 1618 1210 1650 Heius.
1248 1617 1381 1648 dolore
1417 1613 1499 1646 mei.
1551 1616 1649 1647 Unus

913 1673 1051 1704 Helnsii
1075 1673 1208 1703 dolore
1229 1670 1380 1712 yravis,
1413 1670 1509 1710 quod
1541 1677 1650 1701 rece-

914 1727 1238 1768 pit-Burmannus,
1270 1734 1339 1766 qua
1359 1726 1547 1764 scriptura
1567 1723 1651 1756 mihi

912 1782 1000 1813 nihil
1028 1782 1174 1813 videtur
1205 1788 1288 1812 oese
1320 1779 1491 1820 putidius.
1552 1781 1650 1819 Apta

913 1844 958 1868 ac
981 1836 1098 1876 proba
1118 1838 1176 1867 est
1190 1835 1343 1876 vulgata
1362 1834 1495 1866 dolore
1508 1842 1650 1875 amens,

914 1897 1019 1930 quam
1036 1891 1170 1930 optime
1186 1891 1289 1922 iuxta
1305 1888 1534 1921 semianimis
1557 1898 1648 1921 con-

912 1947 1014 1977 stare
1035 1946 1237 1987 intelligoe,
1260 1946 1451 1977 dummodo
1469 1942 1648 1975 semiani-

912 1999 983 2032 mis
1006 2002 1050 2033 de
1083 2002 1161 2033 vita
1193 2002 1274 2033 sive
1302 2000 1432 2042 spiritu
1462 2007 1506 2030 ac
1529 1999 1568 2030 vi
1589 1999 1649 2029 vi-

915 2058 980 2099 tali
1003 2058 1133 2089 dictum
1158 2063 1239 2089 esse
1261 2054 1477 2087 memineris.
1512 2053 1650 2086 Amens

913 2115 969 2145 est
990 2111 1124 2143 mentis
1145 2119 1220 2143 non
1243 2119 1407 2152 compos.

956 2199 1010 2231 92.
1043 2197 1292 2230 Semianimis.
1329 2199 1528 2242 Synizesis.
1565 2197 1647 2230 Vid.

914 2254 960 2285 ad
982 2255 1020 2295 1,
1053 2253 1118 2294 10,
1151 2253 1182 2285 9.
1206 2256 1243 2286 et
1265 2255 1312 2286 ad
1335 2256 1421 2287 Her.
1443 2256 1500 2297 X,
1534 2255 1588 2286 32.
1612 2257 1649 2286 et

913 2309 1002 2340 Met.
1026 2308 1127 2349 XIV,
1151 2308 1228 2340 209.
1250 2326 1295 2352 ,-

956 2384 1088 2416 Media
1107 2385 1228 2416 domo.
1274 2387 1381 2419 Serv.
1400 2388 1437 2418 et
1461 2386 1554 2417 alius
1571 2384 1647 2417 via.

913 2438 1045 2470 Media
1072 2448 1146 2472 non
1175 2442 1330 2473 otiosum
1362 2444 1400 2474 et
1430 2442 1649 2481 superfluum
1695 2453 1697 2455 ·

913 2497 984 2536 est,
1007 2498 1047 2526 ut
1068 2496 1220 2536 putabat
1243 2497 1425 2528 Heinsius.
1471 2496 1543 2528 Sed
1567 2500 1649 2537 post

915 2549 986 2581 viri
1017 2550 1214 2581 discessum
1244 2551 1345 2583 vires
1382 2559 1456 2584 non
1485 2552 1648 2583 sufficie-

915 2594 1016 2635 bant,
1046 2596 1086 2625 ut
1104 2591 1150 2625 'in
1183 2595 1387 2628 cubiculum
1419 2597 1648 2637 perveniret,

912 2650 976 2680 sed
1009 2648 1133 2680 media
1173 2649 1243 2681 iam
1287 2652 1393 2683 domo
1439 2653 1646 2692 procubuit.

912 2705 1050 2736 Bmut.

956 2783 1009 2814 93.
1046 2782 1236 2814 Foedatis.
1274 2784 1648 2826 Conf.Virg.A.X11,

911 2839 964 2869 90.
997 2853 1038 2859 —
1074 2838 1193 2871 Guelf.
1226 2839 1339 2881 utque
1367 2837 1555 2871 surrexit.
1601 2839 1651 2870 V.
